%YAML 1.1
%TAG !u! tag:unity3d.com,2011:
--- !u!1 &121597635084762360
GameObject:
  m_ObjectHideFlags: 0
  m_CorrespondingSourceObject: {fileID: 0}
  m_PrefabInstance: {fileID: 0}
  m_PrefabAsset: {fileID: 0}
  serializedVersion: 6
  m_Component:
  - component: {fileID: 6646433117705341333}
  - component: {fileID: 5551420249468913896}
  - component: {fileID: 6519780918926910536}
  m_Layer: 5
  m_Name: Repair (1)
  m_TagString: Repair
  m_Icon: {fileID: 0}
  m_NavMeshLayer: 0
  m_StaticEditorFlags: 0
  m_IsActive: 1
--- !u!224 &6646433117705341333
RectTransform:
  m_ObjectHideFlags: 0
  m_CorrespondingSourceObject: {fileID: 0}
  m_PrefabInstance: {fileID: 0}
  m_PrefabAsset: {fileID: 0}
  m_GameObject: {fileID: 121597635084762360}
  m_LocalRotation: {x: -1, y: -0, z: -0, w: 0}
  m_LocalPosition: {x: 0, y: 0, z: 0}
  m_LocalScale: {x: 2.173913, y: 2.1739132, z: 0}
  m_ConstrainProportionsScale: 0
  m_Children: []
  m_Father: {fileID: 392047740214002216}
  m_LocalEulerAnglesHint: {x: 0, y: 0, z: 0}
  m_AnchorMin: {x: 0.5, y: 0.5}
  m_AnchorMax: {x: 0.5, y: 0.5}
  m_AnchoredPosition: {x: -3.2608695, y: 1.3367337}
  m_SizeDelta: {x: 60, y: 60}
  m_Pivot: {x: 0.5, y: 0.5}
--- !u!222 &5551420249468913896
CanvasRenderer:
  m_ObjectHideFlags: 0
  m_CorrespondingSourceObject: {fileID: 0}
  m_PrefabInstance: {fileID: 0}
  m_PrefabAsset: {fileID: 0}
  m_GameObject: {fileID: 121597635084762360}
  m_CullTransparentMesh: 1
--- !u!114 &6519780918926910536
MonoBehaviour:
  m_ObjectHideFlags: 0
  m_CorrespondingSourceObject: {fileID: 0}
  m_PrefabInstance: {fileID: 0}
  m_PrefabAsset: {fileID: 0}
  m_GameObject: {fileID: 121597635084762360}
  m_Enabled: 1
  m_EditorHideFlags: 0
  m_Script: {fileID: 11500000, guid: fe87c0e1cc204ed48ad3b37840f39efc, type: 3}
  m_Name: 
  m_EditorClassIdentifier: 
  m_Material: {fileID: 0}
  m_Color: {r: 1, g: 0, b: 0, a: 0.03529412}
  m_RaycastTarget: 1
  m_RaycastPadding: {x: 0, y: 0, z: 0, w: 0}
  m_Maskable: 1
  m_OnCullStateChanged:
    m_PersistentCalls:
      m_Calls: []
  m_Sprite: {fileID: 0}
  m_Type: 0
  m_PreserveAspect: 0
  m_FillCenter: 1
  m_FillMethod: 4
  m_FillAmount: 1
  m_FillClockwise: 1
  m_FillOrigin: 0
  m_UseSpriteMesh: 0
  m_PixelsPerUnitMultiplier: 1
--- !u!1 &1064814211492045572
GameObject:
  m_ObjectHideFlags: 0
  m_CorrespondingSourceObject: {fileID: 0}
  m_PrefabInstance: {fileID: 0}
  m_PrefabAsset: {fileID: 0}
  serializedVersion: 6
  m_Component:
  - component: {fileID: 6974472749795937883}
  - component: {fileID: 4797030920389393441}
  - component: {fileID: 6978057414661638184}
  m_Layer: 5
  m_Name: Image (2)
  m_TagString: Untagged
  m_Icon: {fileID: 0}
  m_NavMeshLayer: 0
  m_StaticEditorFlags: 0
  m_IsActive: 1
--- !u!224 &6974472749795937883
RectTransform:
  m_ObjectHideFlags: 0
  m_CorrespondingSourceObject: {fileID: 0}
  m_PrefabInstance: {fileID: 0}
  m_PrefabAsset: {fileID: 0}
  m_GameObject: {fileID: 1064814211492045572}
  m_LocalRotation: {x: 1, y: 0, z: 0, w: 0}
  m_LocalPosition: {x: 0, y: 0, z: 0}
  m_LocalScale: {x: 0.00125, y: 0.0071428567, z: 0}
  m_ConstrainProportionsScale: 1
  m_Children: []
  m_Father: {fileID: 5051231633982402922}
  m_LocalEulerAnglesHint: {x: 180, y: 0, z: 0}
  m_AnchorMin: {x: 0.5, y: 0.5}
  m_AnchorMax: {x: 0.5, y: 0.5}
  m_AnchoredPosition: {x: 0.166, y: -0.03}
  m_SizeDelta: {x: 75, y: 100}
  m_Pivot: {x: 0.5, y: 0.5}
--- !u!222 &4797030920389393441
CanvasRenderer:
  m_ObjectHideFlags: 0
  m_CorrespondingSourceObject: {fileID: 0}
  m_PrefabInstance: {fileID: 0}
  m_PrefabAsset: {fileID: 0}
  m_GameObject: {fileID: 1064814211492045572}
  m_CullTransparentMesh: 1
--- !u!114 &6978057414661638184
MonoBehaviour:
  m_ObjectHideFlags: 0
  m_CorrespondingSourceObject: {fileID: 0}
  m_PrefabInstance: {fileID: 0}
  m_PrefabAsset: {fileID: 0}
  m_GameObject: {fileID: 1064814211492045572}
  m_Enabled: 1
  m_EditorHideFlags: 0
  m_Script: {fileID: 11500000, guid: fe87c0e1cc204ed48ad3b37840f39efc, type: 3}
  m_Name: 
  m_EditorClassIdentifier: 
  m_Material: {fileID: 0}
  m_Color: {r: 1, g: 1, b: 1, a: 0.27058825}
  m_RaycastTarget: 1
  m_RaycastPadding: {x: 0, y: 0, z: 0, w: 0}
  m_Maskable: 1
  m_OnCullStateChanged:
    m_PersistentCalls:
      m_Calls: []
  m_Sprite: {fileID: 21300000, guid: 620aaddb3ce6bb04fab08b621ca341cd, type: 3}
  m_Type: 0
  m_PreserveAspect: 0
  m_FillCenter: 1
  m_FillMethod: 4
  m_FillAmount: 1
  m_FillClockwise: 1
  m_FillOrigin: 0
  m_UseSpriteMesh: 0
  m_PixelsPerUnitMultiplier: 1
--- !u!1 &1221181248956316265
GameObject:
  m_ObjectHideFlags: 0
  m_CorrespondingSourceObject: {fileID: 0}
  m_PrefabInstance: {fileID: 0}
  m_PrefabAsset: {fileID: 0}
  serializedVersion: 6
  m_Component:
  - component: {fileID: 2193966036899828204}
  - component: {fileID: 204629389388723353}
  m_Layer: 0
  m_Name: UI Controller
  m_TagString: UIController
  m_Icon: {fileID: 0}
  m_NavMeshLayer: 0
  m_StaticEditorFlags: 0
  m_IsActive: 1
--- !u!4 &2193966036899828204
Transform:
  m_ObjectHideFlags: 0
  m_CorrespondingSourceObject: {fileID: 0}
  m_PrefabInstance: {fileID: 0}
  m_PrefabAsset: {fileID: 0}
  m_GameObject: {fileID: 1221181248956316265}
  serializedVersion: 2
  m_LocalRotation: {x: -0, y: -0, z: -0, w: 1}
  m_LocalPosition: {x: -4.1574707, y: 6.427124, z: 7.5951624}
  m_LocalScale: {x: 1, y: 1, z: 1}
  m_ConstrainProportionsScale: 0
  m_Children: []
  m_Father: {fileID: 5785691248546261009}
  m_LocalEulerAnglesHint: {x: 0, y: 0, z: 0}
--- !u!114 &204629389388723353
MonoBehaviour:
  m_ObjectHideFlags: 0
  m_CorrespondingSourceObject: {fileID: 0}
  m_PrefabInstance: {fileID: 0}
  m_PrefabAsset: {fileID: 0}
  m_GameObject: {fileID: 1221181248956316265}
  m_Enabled: 1
  m_EditorHideFlags: 0
  m_Script: {fileID: 11500000, guid: a61914a8c781dde429fed4431ed6b3ec, type: 3}
  m_Name: 
  m_EditorClassIdentifier: 
  scrapCounter: {fileID: 8531359660494954014}
  healthCounter: {fileID: 8357555202510280545}
  waveCountdown: {fileID: 1118290042767103745}
  waveCounter: {fileID: 1237431716592936228}
  C1: {fileID: 0}
  C2: {fileID: 0}
  C3: {fileID: 0}
  damageOverlay: {fileID: 0}
  sprintOverlay: {fileID: 0}
  RepairIcon: {fileID: 7977814393835587757}
--- !u!1 &1407186009718048139
GameObject:
  m_ObjectHideFlags: 0
  m_CorrespondingSourceObject: {fileID: 0}
  m_PrefabInstance: {fileID: 0}
  m_PrefabAsset: {fileID: 0}
  serializedVersion: 6
  m_Component:
  - component: {fileID: 1720827395462290784}
  - component: {fileID: 3694619127299276795}
  - component: {fileID: 7793726369803866479}
  m_Layer: 5
  m_Name: nexus icon
  m_TagString: Untagged
  m_Icon: {fileID: 0}
  m_NavMeshLayer: 0
  m_StaticEditorFlags: 0
  m_IsActive: 1
--- !u!224 &1720827395462290784
RectTransform:
  m_ObjectHideFlags: 0
  m_CorrespondingSourceObject: {fileID: 0}
  m_PrefabInstance: {fileID: 0}
  m_PrefabAsset: {fileID: 0}
  m_GameObject: {fileID: 1407186009718048139}
  m_LocalRotation: {x: -0, y: -0, z: -0, w: 1}
  m_LocalPosition: {x: 0, y: 0, z: 0}
  m_LocalScale: {x: 0.23567533, y: 1.2499998, z: 0}
  m_ConstrainProportionsScale: 1
  m_Children: []
  m_Father: {fileID: 1298109624087294492}
  m_LocalEulerAnglesHint: {x: 0, y: 0, z: 0}
  m_AnchorMin: {x: 1, y: 0}
  m_AnchorMax: {x: 1, y: 0}
  m_AnchoredPosition: {x: -128.99838, y: 47.999878}
  m_SizeDelta: {x: 100, y: 100}
  m_Pivot: {x: 0.5, y: 0.5}
--- !u!222 &3694619127299276795
CanvasRenderer:
  m_ObjectHideFlags: 0
  m_CorrespondingSourceObject: {fileID: 0}
  m_PrefabInstance: {fileID: 0}
  m_PrefabAsset: {fileID: 0}
  m_GameObject: {fileID: 1407186009718048139}
  m_CullTransparentMesh: 1
--- !u!114 &7793726369803866479
MonoBehaviour:
  m_ObjectHideFlags: 0
  m_CorrespondingSourceObject: {fileID: 0}
  m_PrefabInstance: {fileID: 0}
  m_PrefabAsset: {fileID: 0}
  m_GameObject: {fileID: 1407186009718048139}
  m_Enabled: 1
  m_EditorHideFlags: 0
  m_Script: {fileID: 11500000, guid: fe87c0e1cc204ed48ad3b37840f39efc, type: 3}
  m_Name: 
  m_EditorClassIdentifier: 
  m_Material: {fileID: 0}
  m_Color: {r: 1, g: 1, b: 1, a: 0.8235294}
  m_RaycastTarget: 1
  m_RaycastPadding: {x: 0, y: 0, z: 0, w: 0}
  m_Maskable: 1
  m_OnCullStateChanged:
    m_PersistentCalls:
      m_Calls: []
  m_Sprite: {fileID: 437383043, guid: 6c07532c05101f246becaf394957da8c, type: 3}
  m_Type: 0
  m_PreserveAspect: 0
  m_FillCenter: 1
  m_FillMethod: 4
  m_FillAmount: 1
  m_FillClockwise: 1
  m_FillOrigin: 0
  m_UseSpriteMesh: 0
  m_PixelsPerUnitMultiplier: 1
--- !u!1 &1472136188471276877
GameObject:
  m_ObjectHideFlags: 0
  m_CorrespondingSourceObject: {fileID: 0}
  m_PrefabInstance: {fileID: 0}
  m_PrefabAsset: {fileID: 0}
  serializedVersion: 6
  m_Component:
  - component: {fileID: 5051231633982402922}
  - component: {fileID: 5143770342380615055}
  - component: {fileID: 3111231679240376368}
  m_Layer: 5
  m_Name: StructuresUI
  m_TagString: Untagged
  m_Icon: {fileID: 0}
  m_NavMeshLayer: 0
  m_StaticEditorFlags: 0
  m_IsActive: 1
--- !u!224 &5051231633982402922
RectTransform:
  m_ObjectHideFlags: 0
  m_CorrespondingSourceObject: {fileID: 0}
  m_PrefabInstance: {fileID: 0}
  m_PrefabAsset: {fileID: 0}
  m_GameObject: {fileID: 1472136188471276877}
  m_LocalRotation: {x: -0, y: -0, z: -0, w: 1}
  m_LocalPosition: {x: 0, y: 0, z: 0}
  m_LocalScale: {x: 400, y: 70, z: 0}
  m_ConstrainProportionsScale: 0
  m_Children:
  - {fileID: 6375137168699368998}
  - {fileID: 1360991248599947519}
  - {fileID: 364821107296737700}
  - {fileID: 6974472749795937883}
  - {fileID: 8148766377517832690}
  - {fileID: 9067335527253662595}
  - {fileID: 2892216904669687393}
  - {fileID: 3098157686568963175}
  - {fileID: 1665848989620925867}
  - {fileID: 1847322602763545004}
  - {fileID: 5494959974023374014}
  - {fileID: 815854307977127982}
  m_Father: {fileID: 5785691248546261009}
  m_LocalEulerAnglesHint: {x: 0, y: 0, z: 0}
  m_AnchorMin: {x: 0.5, y: 0}
  m_AnchorMax: {x: 0.5, y: 0}
  m_AnchoredPosition: {x: -49, y: 53.3}
  m_SizeDelta: {x: 0.51, y: 1}
  m_Pivot: {x: 0.5, y: 0.5}
--- !u!222 &5143770342380615055
CanvasRenderer:
  m_ObjectHideFlags: 0
  m_CorrespondingSourceObject: {fileID: 0}
  m_PrefabInstance: {fileID: 0}
  m_PrefabAsset: {fileID: 0}
  m_GameObject: {fileID: 1472136188471276877}
  m_CullTransparentMesh: 1
--- !u!114 &3111231679240376368
MonoBehaviour:
  m_ObjectHideFlags: 0
  m_CorrespondingSourceObject: {fileID: 0}
  m_PrefabInstance: {fileID: 0}
  m_PrefabAsset: {fileID: 0}
  m_GameObject: {fileID: 1472136188471276877}
  m_Enabled: 1
  m_EditorHideFlags: 0
  m_Script: {fileID: 11500000, guid: fe87c0e1cc204ed48ad3b37840f39efc, type: 3}
  m_Name: 
  m_EditorClassIdentifier: 
  m_Material: {fileID: 0}
  m_Color: {r: 0.764151, g: 0.764151, b: 0.81960785, a: 0.3882353}
  m_RaycastTarget: 1
  m_RaycastPadding: {x: 0, y: 0, z: 0, w: 0}
  m_Maskable: 1
  m_OnCullStateChanged:
    m_PersistentCalls:
      m_Calls: []
  m_Sprite: {fileID: 0}
  m_Type: 0
  m_PreserveAspect: 0
  m_FillCenter: 1
  m_FillMethod: 4
  m_FillAmount: 1
  m_FillClockwise: 1
  m_FillOrigin: 0
  m_UseSpriteMesh: 0
  m_PixelsPerUnitMultiplier: 1
--- !u!1 &1917873579911522462
GameObject:
  m_ObjectHideFlags: 0
  m_CorrespondingSourceObject: {fileID: 0}
  m_PrefabInstance: {fileID: 0}
  m_PrefabAsset: {fileID: 0}
  serializedVersion: 6
  m_Component:
  - component: {fileID: 815854307977127982}
  - component: {fileID: 5811359148348712329}
  - component: {fileID: 1997674040545415477}
  m_Layer: 5
  m_Name: C3
  m_TagString: C3
  m_Icon: {fileID: 0}
  m_NavMeshLayer: 0
  m_StaticEditorFlags: 0
  m_IsActive: 1
--- !u!224 &815854307977127982
RectTransform:
  m_ObjectHideFlags: 0
  m_CorrespondingSourceObject: {fileID: 0}
  m_PrefabInstance: {fileID: 0}
  m_PrefabAsset: {fileID: 0}
  m_GameObject: {fileID: 1917873579911522462}
  m_LocalRotation: {x: -0, y: -0, z: -0, w: 1}
  m_LocalPosition: {x: 0, y: 0, z: 0}
  m_LocalScale: {x: 0.0025, y: 0.014285714, z: 0}
  m_ConstrainProportionsScale: 0
  m_Children: []
  m_Father: {fileID: 5051231633982402922}
  m_LocalEulerAnglesHint: {x: 0, y: 0, z: 0}
  m_AnchorMin: {x: 0.5, y: 0.5}
  m_AnchorMax: {x: 0.5, y: 0.5}
  m_AnchoredPosition: {x: 0.15970005, y: 0.0039995015}
  m_SizeDelta: {x: 60, y: 60}
  m_Pivot: {x: 0.5, y: 0.5}
--- !u!222 &5811359148348712329
CanvasRenderer:
  m_ObjectHideFlags: 0
  m_CorrespondingSourceObject: {fileID: 0}
  m_PrefabInstance: {fileID: 0}
  m_PrefabAsset: {fileID: 0}
  m_GameObject: {fileID: 1917873579911522462}
  m_CullTransparentMesh: 1
--- !u!114 &1997674040545415477
MonoBehaviour:
  m_ObjectHideFlags: 0
  m_CorrespondingSourceObject: {fileID: 0}
  m_PrefabInstance: {fileID: 0}
  m_PrefabAsset: {fileID: 0}
  m_GameObject: {fileID: 1917873579911522462}
  m_Enabled: 1
  m_EditorHideFlags: 0
  m_Script: {fileID: 11500000, guid: f4688fdb7df04437aeb418b961361dc5, type: 3}
  m_Name: 
  m_EditorClassIdentifier: 
  m_Material: {fileID: 0}
  m_Color: {r: 1, g: 1, b: 1, a: 1}
  m_RaycastTarget: 1
  m_RaycastPadding: {x: 0, y: 0, z: 0, w: 0}
  m_Maskable: 1
  m_OnCullStateChanged:
    m_PersistentCalls:
      m_Calls: []
  m_text: 20
  m_isRightToLeft: 0
  m_fontAsset: {fileID: 11400000, guid: 9df2065502838864b9dc57438dd7b20d, type: 2}
  m_sharedMaterial: {fileID: -5084937616103910868, guid: 9df2065502838864b9dc57438dd7b20d, type: 2}
  m_fontSharedMaterials: []
  m_fontMaterial: {fileID: 0}
  m_fontMaterials: []
  m_fontColor32:
    serializedVersion: 2
    rgba: 4291480266
  m_fontColor: {r: 0.7924528, g: 0.7924528, b: 0.7924528, a: 1}
  m_enableVertexGradient: 0
  m_colorMode: 3
  m_fontColorGradient:
    topLeft: {r: 1, g: 1, b: 1, a: 1}
    topRight: {r: 1, g: 1, b: 1, a: 1}
    bottomLeft: {r: 1, g: 1, b: 1, a: 1}
    bottomRight: {r: 1, g: 1, b: 1, a: 1}
  m_fontColorGradientPreset: {fileID: 0}
  m_spriteAsset: {fileID: 0}
  m_tintAllSprites: 0
  m_StyleSheet: {fileID: 0}
  m_TextStyleHashCode: -1183493901
  m_overrideHtmlColors: 0
  m_faceColor:
    serializedVersion: 2
    rgba: 4294967295
  m_fontSize: 22
  m_fontSizeBase: 22
  m_fontWeight: 400
  m_enableAutoSizing: 0
  m_fontSizeMin: 18
  m_fontSizeMax: 72
  m_fontStyle: 0
  m_HorizontalAlignment: 4
  m_VerticalAlignment: 256
  m_textAlignment: 65535
  m_characterSpacing: 0
  m_wordSpacing: 0
  m_lineSpacing: 0
  m_lineSpacingMax: 0
  m_paragraphSpacing: 0
  m_charWidthMaxAdj: 0
  m_enableWordWrapping: 1
  m_wordWrappingRatios: 0.4
  m_overflowMode: 0
  m_linkedTextComponent: {fileID: 0}
  parentLinkedComponent: {fileID: 0}
  m_enableKerning: 1
  m_enableExtraPadding: 0
  checkPaddingRequired: 0
  m_isRichText: 1
  m_parseCtrlCharacters: 1
  m_isOrthographic: 1
  m_isCullingEnabled: 0
  m_horizontalMapping: 0
  m_verticalMapping: 0
  m_uvLineOffset: 0
  m_geometrySortingOrder: 0
  m_IsTextObjectScaleStatic: 0
  m_VertexBufferAutoSizeReduction: 0
  m_useMaxVisibleDescender: 1
  m_pageToDisplay: 1
  m_margin: {x: 0, y: 0, z: 0, w: 0}
  m_isUsingLegacyAnimationComponent: 0
  m_isVolumetricText: 0
  m_hasFontAssetChanged: 0
  m_baseMaterial: {fileID: 0}
  m_maskOffset: {x: 0, y: 0, z: 0, w: 0}
--- !u!1 &2187416586952991113
GameObject:
  m_ObjectHideFlags: 0
  m_CorrespondingSourceObject: {fileID: 0}
  m_PrefabInstance: {fileID: 0}
  m_PrefabAsset: {fileID: 0}
  serializedVersion: 6
  m_Component:
  - component: {fileID: 364821107296737700}
  - component: {fileID: 9114652512131668804}
  - component: {fileID: 1295328035760142302}
  m_Layer: 5
  m_Name: T3
  m_TagString: T3
  m_Icon: {fileID: 0}
  m_NavMeshLayer: 0
  m_StaticEditorFlags: 0
  m_IsActive: 1
--- !u!224 &364821107296737700
RectTransform:
  m_ObjectHideFlags: 0
  m_CorrespondingSourceObject: {fileID: 0}
  m_PrefabInstance: {fileID: 0}
  m_PrefabAsset: {fileID: 0}
  m_GameObject: {fileID: 2187416586952991113}
  m_LocalRotation: {x: -0, y: -0, z: -0, w: 1}
  m_LocalPosition: {x: 0, y: 0, z: 0}
  m_LocalScale: {x: 0.0025, y: 0.014285714, z: 0}
  m_ConstrainProportionsScale: 0
  m_Children: []
  m_Father: {fileID: 5051231633982402922}
  m_LocalEulerAnglesHint: {x: 0, y: 0, z: 0}
  m_AnchorMin: {x: 0.5, y: 0.5}
  m_AnchorMax: {x: 0.5, y: 0.5}
  m_AnchoredPosition: {x: 0.16425487, y: -0.0038146973}
  m_SizeDelta: {x: 60, y: 60}
  m_Pivot: {x: 0.5, y: 0.5}
--- !u!222 &9114652512131668804
CanvasRenderer:
  m_ObjectHideFlags: 0
  m_CorrespondingSourceObject: {fileID: 0}
  m_PrefabInstance: {fileID: 0}
  m_PrefabAsset: {fileID: 0}
  m_GameObject: {fileID: 2187416586952991113}
  m_CullTransparentMesh: 1
--- !u!114 &1295328035760142302
MonoBehaviour:
  m_ObjectHideFlags: 0
  m_CorrespondingSourceObject: {fileID: 0}
  m_PrefabInstance: {fileID: 0}
  m_PrefabAsset: {fileID: 0}
  m_GameObject: {fileID: 2187416586952991113}
  m_Enabled: 1
  m_EditorHideFlags: 0
  m_Script: {fileID: 11500000, guid: fe87c0e1cc204ed48ad3b37840f39efc, type: 3}
  m_Name: 
  m_EditorClassIdentifier: 
  m_Material: {fileID: 0}
  m_Color: {r: 0, g: 0, b: 0, a: 1}
  m_RaycastTarget: 1
  m_RaycastPadding: {x: 0, y: 0, z: 0, w: 0}
  m_Maskable: 1
  m_OnCullStateChanged:
    m_PersistentCalls:
      m_Calls: []
  m_Sprite: {fileID: 0}
  m_Type: 0
  m_PreserveAspect: 0
  m_FillCenter: 1
  m_FillMethod: 4
  m_FillAmount: 1
  m_FillClockwise: 1
  m_FillOrigin: 0
  m_UseSpriteMesh: 0
  m_PixelsPerUnitMultiplier: 1
--- !u!1 &2549925310531820023
GameObject:
  m_ObjectHideFlags: 0
  m_CorrespondingSourceObject: {fileID: 0}
  m_PrefabInstance: {fileID: 0}
  m_PrefabAsset: {fileID: 0}
  serializedVersion: 6
  m_Component:
  - component: {fileID: 8106564739226111755}
  - component: {fileID: 3756721252787494913}
  - component: {fileID: 2490766036909753869}
  m_Layer: 5
  m_Name: RepairUI
  m_TagString: Untagged
  m_Icon: {fileID: 0}
  m_NavMeshLayer: 0
  m_StaticEditorFlags: 0
  m_IsActive: 1
--- !u!224 &8106564739226111755
RectTransform:
  m_ObjectHideFlags: 0
  m_CorrespondingSourceObject: {fileID: 0}
  m_PrefabInstance: {fileID: 0}
  m_PrefabAsset: {fileID: 0}
  m_GameObject: {fileID: 2549925310531820023}
  m_LocalRotation: {x: -0, y: -0, z: -0, w: 1}
  m_LocalPosition: {x: 0, y: 0, z: 0}
  m_LocalScale: {x: 400, y: 70, z: 0}
  m_ConstrainProportionsScale: 0
  m_Children:
  - {fileID: 3051747537280001976}
  - {fileID: 3973915207029583499}
  - {fileID: 1425515429517706052}
  - {fileID: 392047740214002216}
  m_Father: {fileID: 5785691248546261009}
  m_LocalEulerAnglesHint: {x: 0, y: 0, z: 0}
  m_AnchorMin: {x: 0.5, y: 0}
  m_AnchorMax: {x: 0.5, y: 0}
  m_AnchoredPosition: {x: 104.3, y: 53.299988}
  m_SizeDelta: {x: 0.18, y: 1}
  m_Pivot: {x: 0.5, y: 0.5}
--- !u!222 &3756721252787494913
CanvasRenderer:
  m_ObjectHideFlags: 0
  m_CorrespondingSourceObject: {fileID: 0}
  m_PrefabInstance: {fileID: 0}
  m_PrefabAsset: {fileID: 0}
  m_GameObject: {fileID: 2549925310531820023}
  m_CullTransparentMesh: 1
--- !u!114 &2490766036909753869
MonoBehaviour:
  m_ObjectHideFlags: 0
  m_CorrespondingSourceObject: {fileID: 0}
  m_PrefabInstance: {fileID: 0}
  m_PrefabAsset: {fileID: 0}
  m_GameObject: {fileID: 2549925310531820023}
  m_Enabled: 1
  m_EditorHideFlags: 0
  m_Script: {fileID: 11500000, guid: fe87c0e1cc204ed48ad3b37840f39efc, type: 3}
  m_Name: 
  m_EditorClassIdentifier: 
  m_Material: {fileID: 0}
  m_Color: {r: 0.764151, g: 0.764151, b: 0.81960785, a: 0.3882353}
  m_RaycastTarget: 1
  m_RaycastPadding: {x: 0, y: 0, z: 0, w: 0}
  m_Maskable: 1
  m_OnCullStateChanged:
    m_PersistentCalls:
      m_Calls: []
  m_Sprite: {fileID: 0}
  m_Type: 0
  m_PreserveAspect: 0
  m_FillCenter: 1
  m_FillMethod: 4
  m_FillAmount: 1
  m_FillClockwise: 1
  m_FillOrigin: 0
  m_UseSpriteMesh: 0
  m_PixelsPerUnitMultiplier: 1
--- !u!1 &2716317161122872210
GameObject:
  m_ObjectHideFlags: 0
  m_CorrespondingSourceObject: {fileID: 0}
  m_PrefabInstance: {fileID: 0}
  m_PrefabAsset: {fileID: 0}
  serializedVersion: 6
  m_Component:
  - component: {fileID: 9173492573663198347}
  - component: {fileID: 5550102749553890578}
  - component: {fileID: 1118290042767103745}
  m_Layer: 5
  m_Name: WaveCountdown
  m_TagString: Untagged
  m_Icon: {fileID: 0}
  m_NavMeshLayer: 0
  m_StaticEditorFlags: 0
  m_IsActive: 1
--- !u!224 &9173492573663198347
RectTransform:
  m_ObjectHideFlags: 0
  m_CorrespondingSourceObject: {fileID: 0}
  m_PrefabInstance: {fileID: 0}
  m_PrefabAsset: {fileID: 0}
  m_GameObject: {fileID: 2716317161122872210}
  m_LocalRotation: {x: -0, y: -0, z: -0, w: 1}
  m_LocalPosition: {x: 0, y: 0, z: 0}
  m_LocalScale: {x: 1, y: 1, z: 1}
  m_ConstrainProportionsScale: 0
  m_Children: []
  m_Father: {fileID: 5785691248546261009}
  m_LocalEulerAnglesHint: {x: 0, y: 0, z: 0}
  m_AnchorMin: {x: 0.5, y: 1}
  m_AnchorMax: {x: 0.5, y: 1}
  m_AnchoredPosition: {x: 0, y: -42}
  m_SizeDelta: {x: 200, y: 50}
  m_Pivot: {x: 0.5, y: 0.5}
--- !u!222 &5550102749553890578
CanvasRenderer:
  m_ObjectHideFlags: 0
  m_CorrespondingSourceObject: {fileID: 0}
  m_PrefabInstance: {fileID: 0}
  m_PrefabAsset: {fileID: 0}
  m_GameObject: {fileID: 2716317161122872210}
  m_CullTransparentMesh: 1
--- !u!114 &1118290042767103745
MonoBehaviour:
  m_ObjectHideFlags: 0
  m_CorrespondingSourceObject: {fileID: 0}
  m_PrefabInstance: {fileID: 0}
  m_PrefabAsset: {fileID: 0}
  m_GameObject: {fileID: 2716317161122872210}
  m_Enabled: 1
  m_EditorHideFlags: 0
  m_Script: {fileID: 11500000, guid: f4688fdb7df04437aeb418b961361dc5, type: 3}
  m_Name: 
  m_EditorClassIdentifier: 
  m_Material: {fileID: 0}
  m_Color: {r: 1, g: 1, b: 1, a: 1}
  m_RaycastTarget: 1
  m_RaycastPadding: {x: 0, y: 0, z: 0, w: 0}
  m_Maskable: 1
  m_OnCullStateChanged:
    m_PersistentCalls:
      m_Calls: []
  m_text: Next Wave in 5
  m_isRightToLeft: 0
  m_fontAsset: {fileID: 11400000, guid: 9df2065502838864b9dc57438dd7b20d, type: 2}
  m_sharedMaterial: {fileID: -5084937616103910868, guid: 9df2065502838864b9dc57438dd7b20d, type: 2}
  m_fontSharedMaterials: []
  m_fontMaterial: {fileID: 0}
  m_fontMaterials: []
  m_fontColor32:
    serializedVersion: 2
    rgba: 4294967295
  m_fontColor: {r: 1, g: 1, b: 1, a: 1}
  m_enableVertexGradient: 0
  m_colorMode: 3
  m_fontColorGradient:
    topLeft: {r: 1, g: 1, b: 1, a: 1}
    topRight: {r: 1, g: 1, b: 1, a: 1}
    bottomLeft: {r: 1, g: 1, b: 1, a: 1}
    bottomRight: {r: 1, g: 1, b: 1, a: 1}
  m_fontColorGradientPreset: {fileID: 0}
  m_spriteAsset: {fileID: 0}
  m_tintAllSprites: 0
  m_StyleSheet: {fileID: 0}
  m_TextStyleHashCode: -1183493901
  m_overrideHtmlColors: 0
  m_faceColor:
    serializedVersion: 2
    rgba: 4294967295
  m_fontSize: 26
  m_fontSizeBase: 26
  m_fontWeight: 400
  m_enableAutoSizing: 0
  m_fontSizeMin: 18
  m_fontSizeMax: 72
  m_fontStyle: 0
  m_HorizontalAlignment: 2
  m_VerticalAlignment: 256
  m_textAlignment: 65535
  m_characterSpacing: 0
  m_wordSpacing: 0
  m_lineSpacing: 0
  m_lineSpacingMax: 0
  m_paragraphSpacing: 0
  m_charWidthMaxAdj: 0
  m_enableWordWrapping: 1
  m_wordWrappingRatios: 0.4
  m_overflowMode: 0
  m_linkedTextComponent: {fileID: 0}
  parentLinkedComponent: {fileID: 0}
  m_enableKerning: 1
  m_enableExtraPadding: 0
  checkPaddingRequired: 0
  m_isRichText: 1
  m_parseCtrlCharacters: 1
  m_isOrthographic: 1
  m_isCullingEnabled: 0
  m_horizontalMapping: 0
  m_verticalMapping: 0
  m_uvLineOffset: 0
  m_geometrySortingOrder: 0
  m_IsTextObjectScaleStatic: 0
  m_VertexBufferAutoSizeReduction: 0
  m_useMaxVisibleDescender: 1
  m_pageToDisplay: 1
  m_margin: {x: -12.460785, y: 0, z: -28.873222, w: -73.33551}
  m_isUsingLegacyAnimationComponent: 0
  m_isVolumetricText: 0
  m_hasFontAssetChanged: 0
  m_baseMaterial: {fileID: 0}
  m_maskOffset: {x: 0, y: 0, z: 0, w: 0}
--- !u!1 &2910612216267920280
GameObject:
  m_ObjectHideFlags: 0
  m_CorrespondingSourceObject: {fileID: 0}
  m_PrefabInstance: {fileID: 0}
  m_PrefabAsset: {fileID: 0}
  serializedVersion: 6
  m_Component:
  - component: {fileID: 7294678577367738006}
  - component: {fileID: 7375935403931245163}
  m_Layer: 5
  m_Name: SprintOverlay
  m_TagString: SprintOverlay
  m_Icon: {fileID: 0}
  m_NavMeshLayer: 0
  m_StaticEditorFlags: 0
  m_IsActive: 1
--- !u!4 &7294678577367738006
Transform:
  m_ObjectHideFlags: 0
  m_CorrespondingSourceObject: {fileID: 0}
  m_PrefabInstance: {fileID: 0}
  m_PrefabAsset: {fileID: 0}
  m_GameObject: {fileID: 2910612216267920280}
  serializedVersion: 2
  m_LocalRotation: {x: -0, y: -0, z: -0, w: 1}
  m_LocalPosition: {x: 0, y: 0, z: 0}
  m_LocalScale: {x: 10000, y: 5000, z: 0}
  m_ConstrainProportionsScale: 0
  m_Children: []
  m_Father: {fileID: 5785691248546261009}
  m_LocalEulerAnglesHint: {x: 0, y: 0, z: 0}
--- !u!212 &7375935403931245163
SpriteRenderer:
  m_ObjectHideFlags: 0
  m_CorrespondingSourceObject: {fileID: 0}
  m_PrefabInstance: {fileID: 0}
  m_PrefabAsset: {fileID: 0}
  m_GameObject: {fileID: 2910612216267920280}
  m_Enabled: 1
  m_CastShadows: 0
  m_ReceiveShadows: 0
  m_DynamicOccludee: 1
  m_StaticShadowCaster: 0
  m_MotionVectors: 1
  m_LightProbeUsage: 1
  m_ReflectionProbeUsage: 1
  m_RayTracingMode: 0
  m_RayTraceProcedural: 0
  m_RenderingLayerMask: 1
  m_RendererPriority: 0
  m_Materials:
  - {fileID: 10308, guid: 0000000000000000f000000000000000, type: 0}
  m_StaticBatchInfo:
    firstSubMesh: 0
    subMeshCount: 0
  m_StaticBatchRoot: {fileID: 0}
  m_ProbeAnchor: {fileID: 0}
  m_LightProbeVolumeOverride: {fileID: 0}
  m_ScaleInLightmap: 1
  m_ReceiveGI: 1
  m_PreserveUVs: 0
  m_IgnoreNormalsForChartDetection: 0
  m_ImportantGI: 0
  m_StitchLightmapSeams: 1
  m_SelectedEditorRenderState: 0
  m_MinimumChartSize: 4
  m_AutoUVMaxDistance: 0.5
  m_AutoUVMaxAngle: 89
  m_LightmapParameters: {fileID: 0}
  m_SortingLayerID: 966797787
  m_SortingLayer: 6
  m_SortingOrder: 0
  m_Sprite: {fileID: 21300000, guid: ff6c3e159ba82484ca4918a7479f74ab, type: 3}
  m_Color: {r: 0.5801887, g: 1, b: 0.96542734, a: 0}
  m_FlipX: 0
  m_FlipY: 0
  m_DrawMode: 0
  m_Size: {x: 1, y: 1}
  m_AdaptiveModeThreshold: 0.5
  m_SpriteTileMode: 0
  m_WasSpriteAssigned: 1
  m_MaskInteraction: 0
  m_SpriteSortPoint: 0
--- !u!1 &2966874147239955068
GameObject:
  m_ObjectHideFlags: 0
  m_CorrespondingSourceObject: {fileID: 0}
  m_PrefabInstance: {fileID: 0}
  m_PrefabAsset: {fileID: 0}
  serializedVersion: 6
  m_Component:
  - component: {fileID: 1425515429517706052}
  - component: {fileID: 3781244876285449783}
  - component: {fileID: 851006980867270537}
  m_Layer: 5
  m_Name: icon
  m_TagString: Untagged
  m_Icon: {fileID: 0}
  m_NavMeshLayer: 0
  m_StaticEditorFlags: 0
  m_IsActive: 1
--- !u!224 &1425515429517706052
RectTransform:
  m_ObjectHideFlags: 0
  m_CorrespondingSourceObject: {fileID: 0}
  m_PrefabInstance: {fileID: 0}
  m_PrefabAsset: {fileID: 0}
  m_GameObject: {fileID: 2966874147239955068}
  m_LocalRotation: {x: 1, y: -0, z: -0, w: 0}
  m_LocalPosition: {x: 0, y: 0, z: 0}
  m_LocalScale: {x: 0.00115, y: 0.006571428, z: 0}
  m_ConstrainProportionsScale: 1
  m_Children: []
  m_Father: {fileID: 8106564739226111755}
  m_LocalEulerAnglesHint: {x: 180, y: 0, z: 0}
  m_AnchorMin: {x: 0.5, y: 0.5}
  m_AnchorMax: {x: 0.5, y: 0.5}
  m_AnchoredPosition: {x: 0.0037498772, y: 0.005}
  m_SizeDelta: {x: 100, y: 100}
  m_Pivot: {x: 0.5, y: 0.5}
--- !u!222 &3781244876285449783
CanvasRenderer:
  m_ObjectHideFlags: 0
  m_CorrespondingSourceObject: {fileID: 0}
  m_PrefabInstance: {fileID: 0}
  m_PrefabAsset: {fileID: 0}
  m_GameObject: {fileID: 2966874147239955068}
  m_CullTransparentMesh: 1
--- !u!114 &851006980867270537
MonoBehaviour:
  m_ObjectHideFlags: 0
  m_CorrespondingSourceObject: {fileID: 0}
  m_PrefabInstance: {fileID: 0}
  m_PrefabAsset: {fileID: 0}
  m_GameObject: {fileID: 2966874147239955068}
  m_Enabled: 1
  m_EditorHideFlags: 0
  m_Script: {fileID: 11500000, guid: fe87c0e1cc204ed48ad3b37840f39efc, type: 3}
  m_Name: 
  m_EditorClassIdentifier: 
  m_Material: {fileID: 0}
  m_Color: {r: 1, g: 1, b: 1, a: 0.6666667}
  m_RaycastTarget: 1
  m_RaycastPadding: {x: 0, y: 0, z: 0, w: 0}
  m_Maskable: 1
  m_OnCullStateChanged:
    m_PersistentCalls:
      m_Calls: []
  m_Sprite: {fileID: 21300000, guid: 7d6a85705847021438f29887735740f0, type: 3}
  m_Type: 0
  m_PreserveAspect: 0
  m_FillCenter: 1
  m_FillMethod: 4
  m_FillAmount: 1
  m_FillClockwise: 1
  m_FillOrigin: 0
  m_UseSpriteMesh: 0
  m_PixelsPerUnitMultiplier: 1
--- !u!1 &3400812030794597249
GameObject:
  m_ObjectHideFlags: 0
  m_CorrespondingSourceObject: {fileID: 0}
  m_PrefabInstance: {fileID: 0}
  m_PrefabAsset: {fileID: 0}
  serializedVersion: 6
  m_Component:
  - component: {fileID: 6225859530795017538}
  - component: {fileID: 7308643700095708319}
  - component: {fileID: 976928895126828321}
  m_Layer: 5
  m_Name: Energy
  m_TagString: Untagged
  m_Icon: {fileID: 0}
  m_NavMeshLayer: 0
  m_StaticEditorFlags: 0
  m_IsActive: 1
--- !u!224 &6225859530795017538
RectTransform:
  m_ObjectHideFlags: 0
  m_CorrespondingSourceObject: {fileID: 0}
  m_PrefabInstance: {fileID: 0}
  m_PrefabAsset: {fileID: 0}
  m_GameObject: {fileID: 3400812030794597249}
  m_LocalRotation: {x: -0, y: -0, z: -0, w: 1}
  m_LocalPosition: {x: 0, y: 0, z: 0}
  m_LocalScale: {x: 1.5, y: 0.19999622, z: 0}
  m_ConstrainProportionsScale: 0
  m_Children:
  - {fileID: 2652601242315974403}
  m_Father: {fileID: 5785691248546261009}
  m_LocalEulerAnglesHint: {x: 0, y: 0, z: 0}
  m_AnchorMin: {x: 0, y: 0}
  m_AnchorMax: {x: 0, y: 0}
  m_AnchoredPosition: {x: 100, y: 71}
  m_SizeDelta: {x: 100, y: 100}
  m_Pivot: {x: 0.5, y: 0.5}
--- !u!222 &7308643700095708319
CanvasRenderer:
  m_ObjectHideFlags: 0
  m_CorrespondingSourceObject: {fileID: 0}
  m_PrefabInstance: {fileID: 0}
  m_PrefabAsset: {fileID: 0}
  m_GameObject: {fileID: 3400812030794597249}
  m_CullTransparentMesh: 1
--- !u!114 &976928895126828321
MonoBehaviour:
  m_ObjectHideFlags: 0
  m_CorrespondingSourceObject: {fileID: 0}
  m_PrefabInstance: {fileID: 0}
  m_PrefabAsset: {fileID: 0}
  m_GameObject: {fileID: 3400812030794597249}
  m_Enabled: 1
  m_EditorHideFlags: 0
  m_Script: {fileID: 11500000, guid: fe87c0e1cc204ed48ad3b37840f39efc, type: 3}
  m_Name: 
  m_EditorClassIdentifier: 
  m_Material: {fileID: 0}
  m_Color: {r: 0.46226418, g: 0.46226418, b: 0.46226418, a: 1}
  m_RaycastTarget: 1
  m_RaycastPadding: {x: 0, y: 0, z: 0, w: 0}
  m_Maskable: 1
  m_OnCullStateChanged:
    m_PersistentCalls:
      m_Calls: []
  m_Sprite: {fileID: 0}
  m_Type: 0
  m_PreserveAspect: 0
  m_FillCenter: 1
  m_FillMethod: 4
  m_FillAmount: 1
  m_FillClockwise: 1
  m_FillOrigin: 0
  m_UseSpriteMesh: 0
  m_PixelsPerUnitMultiplier: 1
--- !u!1 &3780735408153333356
GameObject:
  m_ObjectHideFlags: 0
  m_CorrespondingSourceObject: {fileID: 0}
  m_PrefabInstance: {fileID: 0}
  m_PrefabAsset: {fileID: 0}
  serializedVersion: 6
  m_Component:
  - component: {fileID: 8550358540734606274}
  - component: {fileID: 629787102156050589}
  - component: {fileID: 7887373575637355181}
  m_Layer: 5
  m_Name: Supercharge
  m_TagString: Untagged
  m_Icon: {fileID: 0}
  m_NavMeshLayer: 0
  m_StaticEditorFlags: 0
  m_IsActive: 1
--- !u!224 &8550358540734606274
RectTransform:
  m_ObjectHideFlags: 0
  m_CorrespondingSourceObject: {fileID: 0}
  m_PrefabInstance: {fileID: 0}
  m_PrefabAsset: {fileID: 0}
  m_GameObject: {fileID: 3780735408153333356}
  m_LocalRotation: {x: -0, y: -0, z: -0, w: 1}
  m_LocalPosition: {x: 0, y: 0, z: 0}
  m_LocalScale: {x: 1.5, y: 0.19999622, z: 0}
  m_ConstrainProportionsScale: 0
  m_Children:
  - {fileID: 3939362155401852632}
  m_Father: {fileID: 5785691248546261009}
  m_LocalEulerAnglesHint: {x: 0, y: 0, z: 0}
  m_AnchorMin: {x: 0.5, y: 0}
  m_AnchorMax: {x: 0.5, y: 0}
  m_AnchoredPosition: {x: 0.000061035, y: 112}
  m_SizeDelta: {x: 100, y: 100}
  m_Pivot: {x: 0.5, y: 0.5}
--- !u!222 &629787102156050589
CanvasRenderer:
  m_ObjectHideFlags: 0
  m_CorrespondingSourceObject: {fileID: 0}
  m_PrefabInstance: {fileID: 0}
  m_PrefabAsset: {fileID: 0}
  m_GameObject: {fileID: 3780735408153333356}
  m_CullTransparentMesh: 1
--- !u!114 &7887373575637355181
MonoBehaviour:
  m_ObjectHideFlags: 0
  m_CorrespondingSourceObject: {fileID: 0}
  m_PrefabInstance: {fileID: 0}
  m_PrefabAsset: {fileID: 0}
  m_GameObject: {fileID: 3780735408153333356}
  m_Enabled: 1
  m_EditorHideFlags: 0
  m_Script: {fileID: 11500000, guid: fe87c0e1cc204ed48ad3b37840f39efc, type: 3}
  m_Name: 
  m_EditorClassIdentifier: 
  m_Material: {fileID: 0}
  m_Color: {r: 0.46226418, g: 0.46226418, b: 0.46226418, a: 0}
  m_RaycastTarget: 1
  m_RaycastPadding: {x: 0, y: 0, z: 0, w: 0}
  m_Maskable: 1
  m_OnCullStateChanged:
    m_PersistentCalls:
      m_Calls: []
  m_Sprite: {fileID: 0}
  m_Type: 0
  m_PreserveAspect: 0
  m_FillCenter: 1
  m_FillMethod: 4
  m_FillAmount: 1
  m_FillClockwise: 1
  m_FillOrigin: 0
  m_UseSpriteMesh: 0
  m_PixelsPerUnitMultiplier: 1
--- !u!1 &4131182690873172427
GameObject:
  m_ObjectHideFlags: 0
  m_CorrespondingSourceObject: {fileID: 0}
  m_PrefabInstance: {fileID: 0}
  m_PrefabAsset: {fileID: 0}
  serializedVersion: 6
  m_Component:
  - component: {fileID: 3939362155401852632}
  - component: {fileID: 2617976352430023783}
  - component: {fileID: 6437997400644472707}
  m_Layer: 5
  m_Name: Fill
  m_TagString: Supercharge
  m_Icon: {fileID: 0}
  m_NavMeshLayer: 0
  m_StaticEditorFlags: 0
  m_IsActive: 1
--- !u!224 &3939362155401852632
RectTransform:
  m_ObjectHideFlags: 0
  m_CorrespondingSourceObject: {fileID: 0}
  m_PrefabInstance: {fileID: 0}
  m_PrefabAsset: {fileID: 0}
  m_GameObject: {fileID: 4131182690873172427}
  m_LocalRotation: {x: -0, y: -0, z: -0, w: 1}
  m_LocalPosition: {x: 0, y: 0, z: 0}
  m_LocalScale: {x: 1, y: 1, z: 0}
  m_ConstrainProportionsScale: 0
  m_Children: []
  m_Father: {fileID: 8550358540734606274}
  m_LocalEulerAnglesHint: {x: 0, y: 0, z: 0}
  m_AnchorMin: {x: 0, y: 0}
  m_AnchorMax: {x: 1, y: 1}
  m_AnchoredPosition: {x: -100, y: -0.000091552734}
  m_SizeDelta: {x: -100, y: -0.00010681152}
  m_Pivot: {x: 1, y: 1}
--- !u!222 &2617976352430023783
CanvasRenderer:
  m_ObjectHideFlags: 0
  m_CorrespondingSourceObject: {fileID: 0}
  m_PrefabInstance: {fileID: 0}
  m_PrefabAsset: {fileID: 0}
  m_GameObject: {fileID: 4131182690873172427}
  m_CullTransparentMesh: 1
--- !u!114 &6437997400644472707
MonoBehaviour:
  m_ObjectHideFlags: 0
  m_CorrespondingSourceObject: {fileID: 0}
  m_PrefabInstance: {fileID: 0}
  m_PrefabAsset: {fileID: 0}
  m_GameObject: {fileID: 4131182690873172427}
  m_Enabled: 1
  m_EditorHideFlags: 0
  m_Script: {fileID: 11500000, guid: fe87c0e1cc204ed48ad3b37840f39efc, type: 3}
  m_Name: 
  m_EditorClassIdentifier: 
  m_Material: {fileID: 0}
  m_Color: {r: 0, g: 1, b: 0.9288101, a: 0.6117647}
  m_RaycastTarget: 1
  m_RaycastPadding: {x: 0, y: 0, z: 0, w: 0}
  m_Maskable: 1
  m_OnCullStateChanged:
    m_PersistentCalls:
      m_Calls: []
  m_Sprite: {fileID: 0}
  m_Type: 0
  m_PreserveAspect: 0
  m_FillCenter: 1
  m_FillMethod: 4
  m_FillAmount: 1
  m_FillClockwise: 1
  m_FillOrigin: 0
  m_UseSpriteMesh: 0
  m_PixelsPerUnitMultiplier: 1
--- !u!1 &4338071365523775184
GameObject:
  m_ObjectHideFlags: 0
  m_CorrespondingSourceObject: {fileID: 0}
  m_PrefabInstance: {fileID: 0}
  m_PrefabAsset: {fileID: 0}
  serializedVersion: 6
  m_Component:
  - component: {fileID: 5785691248546261009}
  - component: {fileID: 4816736436035046097}
  - component: {fileID: 3566012141478530104}
  - component: {fileID: 3185645350824125060}
  m_Layer: 5
  m_Name: Canvas
  m_TagString: Untagged
  m_Icon: {fileID: 0}
  m_NavMeshLayer: 0
  m_StaticEditorFlags: 0
  m_IsActive: 1
--- !u!224 &5785691248546261009
RectTransform:
  m_ObjectHideFlags: 0
  m_CorrespondingSourceObject: {fileID: 0}
  m_PrefabInstance: {fileID: 0}
  m_PrefabAsset: {fileID: 0}
  m_GameObject: {fileID: 4338071365523775184}
  m_LocalRotation: {x: 0, y: 0, z: 0, w: 1}
  m_LocalPosition: {x: 0, y: 0, z: 0}
  m_LocalScale: {x: 0, y: 0, z: 0}
  m_ConstrainProportionsScale: 0
  m_Children:
  - {fileID: 2193966036899828204}
  - {fileID: 9173492573663198347}
  - {fileID: 5939747229765319131}
  - {fileID: 4216369298419472574}
  - {fileID: 4817342146725862686}
  - {fileID: 8550358540734606274}
  - {fileID: 1298109624087294492}
  - {fileID: 6225859530795017538}
  - {fileID: 6775579103042830726}
  - {fileID: 7294678577367738006}
  - {fileID: 5051231633982402922}
  - {fileID: 8106564739226111755}
  m_Father: {fileID: 0}
  m_LocalEulerAnglesHint: {x: 0, y: 0, z: 0}
  m_AnchorMin: {x: 0, y: 0}
  m_AnchorMax: {x: 0, y: 0}
  m_AnchoredPosition: {x: 0, y: 0}
  m_SizeDelta: {x: 0, y: 0}
  m_Pivot: {x: 0, y: 0}
--- !u!223 &4816736436035046097
Canvas:
  m_ObjectHideFlags: 0
  m_CorrespondingSourceObject: {fileID: 0}
  m_PrefabInstance: {fileID: 0}
  m_PrefabAsset: {fileID: 0}
  m_GameObject: {fileID: 4338071365523775184}
  m_Enabled: 1
  serializedVersion: 3
  m_RenderMode: 1
  m_Camera: {fileID: 0}
  m_PlaneDistance: 100
  m_PixelPerfect: 0
  m_ReceivesEvents: 1
  m_OverrideSorting: 0
  m_OverridePixelPerfect: 0
  m_SortingBucketNormalizedSize: 0
  m_VertexColorAlwaysGammaSpace: 0
  m_AdditionalShaderChannelsFlag: 25
  m_UpdateRectTransformForStandalone: 0
  m_SortingLayerID: 966797787
  m_SortingOrder: 0
  m_TargetDisplay: 0
--- !u!114 &3566012141478530104
MonoBehaviour:
  m_ObjectHideFlags: 0
  m_CorrespondingSourceObject: {fileID: 0}
  m_PrefabInstance: {fileID: 0}
  m_PrefabAsset: {fileID: 0}
  m_GameObject: {fileID: 4338071365523775184}
  m_Enabled: 1
  m_EditorHideFlags: 0
  m_Script: {fileID: 11500000, guid: 0cd44c1031e13a943bb63640046fad76, type: 3}
  m_Name: 
  m_EditorClassIdentifier: 
  m_UiScaleMode: 1
  m_ReferencePixelsPerUnit: 100
  m_ScaleFactor: 1
  m_ReferenceResolution: {x: 1280, y: 720}
  m_ScreenMatchMode: 0
  m_MatchWidthOrHeight: 0
  m_PhysicalUnit: 3
  m_FallbackScreenDPI: 96
  m_DefaultSpriteDPI: 96
  m_DynamicPixelsPerUnit: 1
  m_PresetInfoIsWorld: 0
--- !u!114 &3185645350824125060
MonoBehaviour:
  m_ObjectHideFlags: 0
  m_CorrespondingSourceObject: {fileID: 0}
  m_PrefabInstance: {fileID: 0}
  m_PrefabAsset: {fileID: 0}
  m_GameObject: {fileID: 4338071365523775184}
  m_Enabled: 1
  m_EditorHideFlags: 0
  m_Script: {fileID: 11500000, guid: dc42784cf147c0c48a680349fa168899, type: 3}
  m_Name: 
  m_EditorClassIdentifier: 
  m_IgnoreReversedGraphics: 1
  m_BlockingObjects: 0
  m_BlockingMask:
    serializedVersion: 2
    m_Bits: 4294967295
--- !u!1 &4629201693543912151
GameObject:
  m_ObjectHideFlags: 0
  m_CorrespondingSourceObject: {fileID: 0}
  m_PrefabInstance: {fileID: 0}
  m_PrefabAsset: {fileID: 0}
  serializedVersion: 6
  m_Component:
  - component: {fileID: 8148766377517832690}
  - component: {fileID: 1784643549782572799}
  - component: {fileID: 2590486449011514230}
  m_Layer: 5
  m_Name: Image (1)
  m_TagString: Untagged
  m_Icon: {fileID: 0}
  m_NavMeshLayer: 0
  m_StaticEditorFlags: 0
  m_IsActive: 1
--- !u!224 &8148766377517832690
RectTransform:
  m_ObjectHideFlags: 0
  m_CorrespondingSourceObject: {fileID: 0}
  m_PrefabInstance: {fileID: 0}
  m_PrefabAsset: {fileID: 0}
  m_GameObject: {fileID: 4629201693543912151}
  m_LocalRotation: {x: -0, y: -0, z: -0, w: 1}
  m_LocalPosition: {x: 0, y: 0, z: 0}
  m_LocalScale: {x: 0.00125, y: 0.0071428567, z: 0}
  m_ConstrainProportionsScale: 1
  m_Children: []
  m_Father: {fileID: 5051231633982402922}
  m_LocalEulerAnglesHint: {x: 0, y: 0, z: 0}
  m_AnchorMin: {x: 0.5, y: 0.5}
  m_AnchorMax: {x: 0.5, y: 0.5}
  m_AnchoredPosition: {x: -0.001, y: -0.013}
  m_SizeDelta: {x: 75, y: 100}
  m_Pivot: {x: 0.5, y: 0.5}
--- !u!222 &1784643549782572799
CanvasRenderer:
  m_ObjectHideFlags: 0
  m_CorrespondingSourceObject: {fileID: 0}
  m_PrefabInstance: {fileID: 0}
  m_PrefabAsset: {fileID: 0}
  m_GameObject: {fileID: 4629201693543912151}
  m_CullTransparentMesh: 1
--- !u!114 &2590486449011514230
MonoBehaviour:
  m_ObjectHideFlags: 0
  m_CorrespondingSourceObject: {fileID: 0}
  m_PrefabInstance: {fileID: 0}
  m_PrefabAsset: {fileID: 0}
  m_GameObject: {fileID: 4629201693543912151}
  m_Enabled: 1
  m_EditorHideFlags: 0
  m_Script: {fileID: 11500000, guid: fe87c0e1cc204ed48ad3b37840f39efc, type: 3}
  m_Name: 
  m_EditorClassIdentifier: 
  m_Material: {fileID: 0}
  m_Color: {r: 1, g: 1, b: 1, a: 0.27058825}
  m_RaycastTarget: 1
  m_RaycastPadding: {x: 0, y: 0, z: 0, w: 0}
  m_Maskable: 1
  m_OnCullStateChanged:
    m_PersistentCalls:
      m_Calls: []
  m_Sprite: {fileID: 21300000, guid: d342bda9909f7f14397a8e0286815f91, type: 3}
  m_Type: 0
  m_PreserveAspect: 0
  m_FillCenter: 1
  m_FillMethod: 4
  m_FillAmount: 1
  m_FillClockwise: 1
  m_FillOrigin: 0
  m_UseSpriteMesh: 0
  m_PixelsPerUnitMultiplier: 1
--- !u!1 &4841017088906301874
GameObject:
  m_ObjectHideFlags: 0
  m_CorrespondingSourceObject: {fileID: 0}
  m_PrefabInstance: {fileID: 0}
  m_PrefabAsset: {fileID: 0}
  serializedVersion: 6
  m_Component:
  - component: {fileID: 1847322602763545004}
  - component: {fileID: 1559995068722967224}
  - component: {fileID: 8333256931013927639}
  m_Layer: 5
  m_Name: C1
  m_TagString: C1
  m_Icon: {fileID: 0}
  m_NavMeshLayer: 0
  m_StaticEditorFlags: 0
  m_IsActive: 1
--- !u!224 &1847322602763545004
RectTransform:
  m_ObjectHideFlags: 0
  m_CorrespondingSourceObject: {fileID: 0}
  m_PrefabInstance: {fileID: 0}
  m_PrefabAsset: {fileID: 0}
  m_GameObject: {fileID: 4841017088906301874}
  m_LocalRotation: {x: -0, y: -0, z: -0, w: 1}
  m_LocalPosition: {x: 0, y: 0, z: 0}
  m_LocalScale: {x: 0.0025, y: 0.014285714, z: 0}
  m_ConstrainProportionsScale: 0
  m_Children: []
  m_Father: {fileID: 5051231633982402922}
  m_LocalEulerAnglesHint: {x: 0, y: 0, z: 0}
  m_AnchorMin: {x: 0.5, y: 0.5}
  m_AnchorMax: {x: 0.5, y: 0.5}
  m_AnchoredPosition: {x: -0.1713, y: 0.004}
  m_SizeDelta: {x: 60, y: 60}
  m_Pivot: {x: 0.5, y: 0.5}
--- !u!222 &1559995068722967224
CanvasRenderer:
  m_ObjectHideFlags: 0
  m_CorrespondingSourceObject: {fileID: 0}
  m_PrefabInstance: {fileID: 0}
  m_PrefabAsset: {fileID: 0}
  m_GameObject: {fileID: 4841017088906301874}
  m_CullTransparentMesh: 1
--- !u!114 &8333256931013927639
MonoBehaviour:
  m_ObjectHideFlags: 0
  m_CorrespondingSourceObject: {fileID: 0}
  m_PrefabInstance: {fileID: 0}
  m_PrefabAsset: {fileID: 0}
  m_GameObject: {fileID: 4841017088906301874}
  m_Enabled: 1
  m_EditorHideFlags: 0
  m_Script: {fileID: 11500000, guid: f4688fdb7df04437aeb418b961361dc5, type: 3}
  m_Name: 
  m_EditorClassIdentifier: 
  m_Material: {fileID: 0}
  m_Color: {r: 1, g: 1, b: 1, a: 1}
  m_RaycastTarget: 1
  m_RaycastPadding: {x: 0, y: 0, z: 0, w: 0}
  m_Maskable: 1
  m_OnCullStateChanged:
    m_PersistentCalls:
      m_Calls: []
  m_text: 4
  m_isRightToLeft: 0
  m_fontAsset: {fileID: 11400000, guid: 9df2065502838864b9dc57438dd7b20d, type: 2}
  m_sharedMaterial: {fileID: -5084937616103910868, guid: 9df2065502838864b9dc57438dd7b20d, type: 2}
  m_fontSharedMaterials: []
  m_fontMaterial: {fileID: 0}
  m_fontMaterials: []
  m_fontColor32:
    serializedVersion: 2
    rgba: 4291480266
  m_fontColor: {r: 0.7924528, g: 0.7924528, b: 0.7924528, a: 1}
  m_enableVertexGradient: 0
  m_colorMode: 3
  m_fontColorGradient:
    topLeft: {r: 1, g: 1, b: 1, a: 1}
    topRight: {r: 1, g: 1, b: 1, a: 1}
    bottomLeft: {r: 1, g: 1, b: 1, a: 1}
    bottomRight: {r: 1, g: 1, b: 1, a: 1}
  m_fontColorGradientPreset: {fileID: 0}
  m_spriteAsset: {fileID: 0}
  m_tintAllSprites: 0
  m_StyleSheet: {fileID: 0}
  m_TextStyleHashCode: -1183493901
  m_overrideHtmlColors: 0
  m_faceColor:
    serializedVersion: 2
    rgba: 4294967295
  m_fontSize: 22
  m_fontSizeBase: 22
  m_fontWeight: 400
  m_enableAutoSizing: 0
  m_fontSizeMin: 18
  m_fontSizeMax: 72
  m_fontStyle: 0
  m_HorizontalAlignment: 4
  m_VerticalAlignment: 256
  m_textAlignment: 65535
  m_characterSpacing: 0
  m_wordSpacing: 0
  m_lineSpacing: 0
  m_lineSpacingMax: 0
  m_paragraphSpacing: 0
  m_charWidthMaxAdj: 0
  m_enableWordWrapping: 1
  m_wordWrappingRatios: 0.4
  m_overflowMode: 0
  m_linkedTextComponent: {fileID: 0}
  parentLinkedComponent: {fileID: 0}
  m_enableKerning: 1
  m_enableExtraPadding: 0
  checkPaddingRequired: 0
  m_isRichText: 1
  m_parseCtrlCharacters: 1
  m_isOrthographic: 1
  m_isCullingEnabled: 0
  m_horizontalMapping: 0
  m_verticalMapping: 0
  m_uvLineOffset: 0
  m_geometrySortingOrder: 0
  m_IsTextObjectScaleStatic: 0
  m_VertexBufferAutoSizeReduction: 0
  m_useMaxVisibleDescender: 1
  m_pageToDisplay: 1
  m_margin: {x: 0, y: 0, z: 0, w: 0}
  m_isUsingLegacyAnimationComponent: 0
  m_isVolumetricText: 0
  m_hasFontAssetChanged: 0
  m_baseMaterial: {fileID: 0}
  m_maskOffset: {x: 0, y: 0, z: 0, w: 0}
--- !u!1 &5237332528282156692
GameObject:
  m_ObjectHideFlags: 0
  m_CorrespondingSourceObject: {fileID: 0}
  m_PrefabInstance: {fileID: 0}
  m_PrefabAsset: {fileID: 0}
  serializedVersion: 6
  m_Component:
  - component: {fileID: 6775579103042830726}
  - component: {fileID: 977015459355279065}
  m_Layer: 5
  m_Name: DamageOverlay
  m_TagString: DamageOverlay
  m_Icon: {fileID: 0}
  m_NavMeshLayer: 0
  m_StaticEditorFlags: 0
  m_IsActive: 1
--- !u!4 &6775579103042830726
Transform:
  m_ObjectHideFlags: 0
  m_CorrespondingSourceObject: {fileID: 0}
  m_PrefabInstance: {fileID: 0}
  m_PrefabAsset: {fileID: 0}
  m_GameObject: {fileID: 5237332528282156692}
  serializedVersion: 2
  m_LocalRotation: {x: -0, y: -0, z: -0, w: 1}
  m_LocalPosition: {x: 0, y: 0, z: 0}
  m_LocalScale: {x: 10000, y: 5000, z: 0}
  m_ConstrainProportionsScale: 0
  m_Children: []
  m_Father: {fileID: 5785691248546261009}
  m_LocalEulerAnglesHint: {x: 0, y: 0, z: 0}
--- !u!212 &977015459355279065
SpriteRenderer:
  m_ObjectHideFlags: 0
  m_CorrespondingSourceObject: {fileID: 0}
  m_PrefabInstance: {fileID: 0}
  m_PrefabAsset: {fileID: 0}
  m_GameObject: {fileID: 5237332528282156692}
  m_Enabled: 1
  m_CastShadows: 0
  m_ReceiveShadows: 0
  m_DynamicOccludee: 1
  m_StaticShadowCaster: 0
  m_MotionVectors: 1
  m_LightProbeUsage: 1
  m_ReflectionProbeUsage: 1
  m_RayTracingMode: 0
  m_RayTraceProcedural: 0
  m_RenderingLayerMask: 1
  m_RendererPriority: 0
  m_Materials:
  - {fileID: 2100000, guid: a97c105638bdf8b4a8650670310a4cd3, type: 2}
  m_StaticBatchInfo:
    firstSubMesh: 0
    subMeshCount: 0
  m_StaticBatchRoot: {fileID: 0}
  m_ProbeAnchor: {fileID: 0}
  m_LightProbeVolumeOverride: {fileID: 0}
  m_ScaleInLightmap: 1
  m_ReceiveGI: 1
  m_PreserveUVs: 0
  m_IgnoreNormalsForChartDetection: 0
  m_ImportantGI: 0
  m_StitchLightmapSeams: 1
  m_SelectedEditorRenderState: 0
  m_MinimumChartSize: 4
  m_AutoUVMaxDistance: 0.5
  m_AutoUVMaxAngle: 89
  m_LightmapParameters: {fileID: 0}
  m_SortingLayerID: 966797787
  m_SortingLayer: 6
  m_SortingOrder: 0
  m_Sprite: {fileID: 7482667652216324306, guid: 311925a002f4447b3a28927169b83ea6, type: 3}
  m_Color: {r: 1, g: 0, b: 0.0586915, a: 0}
  m_FlipX: 0
  m_FlipY: 0
  m_DrawMode: 0
  m_Size: {x: 1, y: 1}
  m_AdaptiveModeThreshold: 0.5
  m_SpriteTileMode: 0
  m_WasSpriteAssigned: 1
  m_MaskInteraction: 0
  m_SpriteSortPoint: 0
--- !u!1 &5532703128893756220
GameObject:
  m_ObjectHideFlags: 0
  m_CorrespondingSourceObject: {fileID: 0}
  m_PrefabInstance: {fileID: 0}
  m_PrefabAsset: {fileID: 0}
  serializedVersion: 6
  m_Component:
  - component: {fileID: 4216369298419472574}
  - component: {fileID: 3351392499169296679}
  - component: {fileID: 1237431716592936228}
  - component: {fileID: 561574781693197952}
  m_Layer: 5
  m_Name: WaveCounter
  m_TagString: Untagged
  m_Icon: {fileID: 0}
  m_NavMeshLayer: 0
  m_StaticEditorFlags: 0
  m_IsActive: 1
--- !u!224 &4216369298419472574
RectTransform:
  m_ObjectHideFlags: 0
  m_CorrespondingSourceObject: {fileID: 0}
  m_PrefabInstance: {fileID: 0}
  m_PrefabAsset: {fileID: 0}
  m_GameObject: {fileID: 5532703128893756220}
  m_LocalRotation: {x: -0, y: -0, z: -0, w: 1}
  m_LocalPosition: {x: 0, y: 0, z: 0}
  m_LocalScale: {x: 1, y: 1, z: 1}
  m_ConstrainProportionsScale: 0
  m_Children: []
  m_Father: {fileID: 5785691248546261009}
  m_LocalEulerAnglesHint: {x: 0, y: 0, z: 0}
  m_AnchorMin: {x: 0, y: 1}
  m_AnchorMax: {x: 0, y: 1}
  m_AnchoredPosition: {x: 125, y: -103}
  m_SizeDelta: {x: 200, y: 172}
  m_Pivot: {x: 0.5, y: 0.5}
--- !u!222 &3351392499169296679
CanvasRenderer:
  m_ObjectHideFlags: 0
  m_CorrespondingSourceObject: {fileID: 0}
  m_PrefabInstance: {fileID: 0}
  m_PrefabAsset: {fileID: 0}
  m_GameObject: {fileID: 5532703128893756220}
  m_CullTransparentMesh: 1
--- !u!114 &1237431716592936228
MonoBehaviour:
  m_ObjectHideFlags: 0
  m_CorrespondingSourceObject: {fileID: 0}
  m_PrefabInstance: {fileID: 0}
  m_PrefabAsset: {fileID: 0}
  m_GameObject: {fileID: 5532703128893756220}
  m_Enabled: 1
  m_EditorHideFlags: 0
  m_Script: {fileID: 11500000, guid: f4688fdb7df04437aeb418b961361dc5, type: 3}
  m_Name: 
  m_EditorClassIdentifier: 
  m_Material: {fileID: 0}
  m_Color: {r: 1, g: 1, b: 1, a: 1}
  m_RaycastTarget: 1
  m_RaycastPadding: {x: 0, y: 0, z: 0, w: 0}
  m_Maskable: 1
  m_OnCullStateChanged:
    m_PersistentCalls:
      m_Calls: []
  m_text: Wave 1
  m_isRightToLeft: 0
  m_fontAsset: {fileID: 11400000, guid: 9df2065502838864b9dc57438dd7b20d, type: 2}
  m_sharedMaterial: {fileID: -5084937616103910868, guid: 9df2065502838864b9dc57438dd7b20d, type: 2}
  m_fontSharedMaterials: []
  m_fontMaterial: {fileID: 0}
  m_fontMaterials: []
  m_fontColor32:
    serializedVersion: 2
    rgba: 4294967295
  m_fontColor: {r: 1, g: 1, b: 1, a: 1}
  m_enableVertexGradient: 0
  m_colorMode: 3
  m_fontColorGradient:
    topLeft: {r: 1, g: 1, b: 1, a: 1}
    topRight: {r: 1, g: 1, b: 1, a: 1}
    bottomLeft: {r: 1, g: 1, b: 1, a: 1}
    bottomRight: {r: 1, g: 1, b: 1, a: 1}
  m_fontColorGradientPreset: {fileID: 0}
  m_spriteAsset: {fileID: 0}
  m_tintAllSprites: 0
  m_StyleSheet: {fileID: 0}
  m_TextStyleHashCode: -1183493901
  m_overrideHtmlColors: 0
  m_faceColor:
    serializedVersion: 2
    rgba: 4294967295
  m_fontSize: 26
  m_fontSizeBase: 26
  m_fontWeight: 400
  m_enableAutoSizing: 0
  m_fontSizeMin: 18
  m_fontSizeMax: 72
  m_fontStyle: 0
  m_HorizontalAlignment: 1
  m_VerticalAlignment: 256
  m_textAlignment: 65535
  m_characterSpacing: 0
  m_wordSpacing: 0
  m_lineSpacing: 0
  m_lineSpacingMax: 0
  m_paragraphSpacing: 0
  m_charWidthMaxAdj: 0
  m_enableWordWrapping: 1
  m_wordWrappingRatios: 0.4
  m_overflowMode: 0
  m_linkedTextComponent: {fileID: 0}
  parentLinkedComponent: {fileID: 0}
  m_enableKerning: 1
  m_enableExtraPadding: 0
  checkPaddingRequired: 0
  m_isRichText: 1
  m_parseCtrlCharacters: 1
  m_isOrthographic: 1
  m_isCullingEnabled: 0
  m_horizontalMapping: 0
  m_verticalMapping: 0
  m_uvLineOffset: 0
  m_geometrySortingOrder: 0
  m_IsTextObjectScaleStatic: 0
  m_VertexBufferAutoSizeReduction: 0
  m_useMaxVisibleDescender: 1
  m_pageToDisplay: 1
  m_margin: {x: 0, y: 0, z: 0, w: 0}
  m_isUsingLegacyAnimationComponent: 0
  m_isVolumetricText: 0
  m_hasFontAssetChanged: 0
  m_baseMaterial: {fileID: 0}
  m_maskOffset: {x: 0, y: 0, z: 0, w: 0}
--- !u!223 &561574781693197952
Canvas:
  m_ObjectHideFlags: 0
  m_CorrespondingSourceObject: {fileID: 0}
  m_PrefabInstance: {fileID: 0}
  m_PrefabAsset: {fileID: 0}
  m_GameObject: {fileID: 5532703128893756220}
  m_Enabled: 1
  serializedVersion: 3
  m_RenderMode: 2
  m_Camera: {fileID: 0}
  m_PlaneDistance: 100
  m_PixelPerfect: 0
  m_ReceivesEvents: 1
  m_OverrideSorting: 0
  m_OverridePixelPerfect: 0
  m_SortingBucketNormalizedSize: 0
  m_VertexColorAlwaysGammaSpace: 0
  m_AdditionalShaderChannelsFlag: 25
  m_UpdateRectTransformForStandalone: 0
  m_SortingLayerID: 0
  m_SortingOrder: 0
  m_TargetDisplay: 0
--- !u!1 &5774613810874513045
GameObject:
  m_ObjectHideFlags: 0
  m_CorrespondingSourceObject: {fileID: 0}
  m_PrefabInstance: {fileID: 0}
  m_PrefabAsset: {fileID: 0}
  serializedVersion: 6
  m_Component:
  - component: {fileID: 1298109624087294492}
  - component: {fileID: 6699713442767367140}
  - component: {fileID: 8858172064901119512}
  m_Layer: 5
  m_Name: NexusHealth
  m_TagString: Untagged
  m_Icon: {fileID: 0}
  m_NavMeshLayer: 0
  m_StaticEditorFlags: 0
  m_IsActive: 1
--- !u!224 &1298109624087294492
RectTransform:
  m_ObjectHideFlags: 0
  m_CorrespondingSourceObject: {fileID: 0}
  m_PrefabInstance: {fileID: 0}
  m_PrefabAsset: {fileID: 0}
  m_GameObject: {fileID: 5774613810874513045}
  m_LocalRotation: {x: -0, y: -0, z: -0, w: 1}
  m_LocalPosition: {x: 0, y: 0, z: 0}
  m_LocalScale: {x: 1.0607812, y: 0.2, z: 0}
  m_ConstrainProportionsScale: 0
  m_Children:
  - {fileID: 1911786529707733774}
  - {fileID: 1720827395462290784}
  m_Father: {fileID: 5785691248546261009}
  m_LocalEulerAnglesHint: {x: 0, y: 0, z: 0}
  m_AnchorMin: {x: 1, y: 0}
  m_AnchorMax: {x: 1, y: 0}
  m_AnchoredPosition: {x: -78.1, y: 71}
  m_SizeDelta: {x: 100, y: 100}
  m_Pivot: {x: 0.5, y: 0.5}
--- !u!222 &6699713442767367140
CanvasRenderer:
  m_ObjectHideFlags: 0
  m_CorrespondingSourceObject: {fileID: 0}
  m_PrefabInstance: {fileID: 0}
  m_PrefabAsset: {fileID: 0}
  m_GameObject: {fileID: 5774613810874513045}
  m_CullTransparentMesh: 1
--- !u!114 &8858172064901119512
MonoBehaviour:
  m_ObjectHideFlags: 0
  m_CorrespondingSourceObject: {fileID: 0}
  m_PrefabInstance: {fileID: 0}
  m_PrefabAsset: {fileID: 0}
  m_GameObject: {fileID: 5774613810874513045}
  m_Enabled: 1
  m_EditorHideFlags: 0
  m_Script: {fileID: 11500000, guid: fe87c0e1cc204ed48ad3b37840f39efc, type: 3}
  m_Name: 
  m_EditorClassIdentifier: 
  m_Material: {fileID: 0}
  m_Color: {r: 0.46226418, g: 0.46226418, b: 0.46226418, a: 1}
  m_RaycastTarget: 1
  m_RaycastPadding: {x: 0, y: 0, z: 0, w: 0}
  m_Maskable: 1
  m_OnCullStateChanged:
    m_PersistentCalls:
      m_Calls: []
  m_Sprite: {fileID: 0}
  m_Type: 0
  m_PreserveAspect: 0
  m_FillCenter: 1
  m_FillMethod: 4
  m_FillAmount: 1
  m_FillClockwise: 1
  m_FillOrigin: 0
  m_UseSpriteMesh: 0
  m_PixelsPerUnitMultiplier: 1
--- !u!1 &5857751103352909611
GameObject:
  m_ObjectHideFlags: 0
  m_CorrespondingSourceObject: {fileID: 0}
  m_PrefabInstance: {fileID: 0}
  m_PrefabAsset: {fileID: 0}
  serializedVersion: 6
  m_Component:
  - component: {fileID: 2892216904669687393}
  - component: {fileID: 483901259670726571}
  - component: {fileID: 8116767282599538885}
  m_Layer: 5
  m_Name: Num 1
  m_TagString: Untagged
  m_Icon: {fileID: 0}
  m_NavMeshLayer: 0
  m_StaticEditorFlags: 0
  m_IsActive: 1
--- !u!224 &2892216904669687393
RectTransform:
  m_ObjectHideFlags: 0
  m_CorrespondingSourceObject: {fileID: 0}
  m_PrefabInstance: {fileID: 0}
  m_PrefabAsset: {fileID: 0}
  m_GameObject: {fileID: 5857751103352909611}
  m_LocalRotation: {x: -0, y: -0, z: -0, w: 1}
  m_LocalPosition: {x: 0, y: 0, z: 0}
  m_LocalScale: {x: 0.0025, y: 0.014285714, z: 0}
  m_ConstrainProportionsScale: 0
  m_Children: []
  m_Father: {fileID: 5051231633982402922}
  m_LocalEulerAnglesHint: {x: 0, y: 0, z: 0}
  m_AnchorMin: {x: 0.5, y: 0.5}
  m_AnchorMax: {x: 0.5, y: 0.5}
  m_AnchoredPosition: {x: -0.2096, y: -0.231}
  m_SizeDelta: {x: 60, y: 60}
  m_Pivot: {x: 0.5, y: 0.5}
--- !u!222 &483901259670726571
CanvasRenderer:
  m_ObjectHideFlags: 0
  m_CorrespondingSourceObject: {fileID: 0}
  m_PrefabInstance: {fileID: 0}
  m_PrefabAsset: {fileID: 0}
  m_GameObject: {fileID: 5857751103352909611}
  m_CullTransparentMesh: 1
--- !u!114 &8116767282599538885
MonoBehaviour:
  m_ObjectHideFlags: 0
  m_CorrespondingSourceObject: {fileID: 0}
  m_PrefabInstance: {fileID: 0}
  m_PrefabAsset: {fileID: 0}
  m_GameObject: {fileID: 5857751103352909611}
  m_Enabled: 1
  m_EditorHideFlags: 0
  m_Script: {fileID: 11500000, guid: f4688fdb7df04437aeb418b961361dc5, type: 3}
  m_Name: 
  m_EditorClassIdentifier: 
  m_Material: {fileID: 0}
  m_Color: {r: 1, g: 1, b: 1, a: 1}
  m_RaycastTarget: 1
  m_RaycastPadding: {x: 0, y: 0, z: 0, w: 0}
  m_Maskable: 1
  m_OnCullStateChanged:
    m_PersistentCalls:
      m_Calls: []
  m_text: '1

'
  m_isRightToLeft: 0
  m_fontAsset: {fileID: 11400000, guid: 9df2065502838864b9dc57438dd7b20d, type: 2}
  m_sharedMaterial: {fileID: -5084937616103910868, guid: 9df2065502838864b9dc57438dd7b20d, type: 2}
  m_fontSharedMaterials: []
  m_fontMaterial: {fileID: 0}
  m_fontMaterials: []
  m_fontColor32:
    serializedVersion: 2
    rgba: 4287397502
  m_fontColor: {r: 0.49296904, g: 0.49296904, b: 0.5471698, a: 1}
  m_enableVertexGradient: 0
  m_colorMode: 3
  m_fontColorGradient:
    topLeft: {r: 1, g: 1, b: 1, a: 1}
    topRight: {r: 1, g: 1, b: 1, a: 1}
    bottomLeft: {r: 1, g: 1, b: 1, a: 1}
    bottomRight: {r: 1, g: 1, b: 1, a: 1}
  m_fontColorGradientPreset: {fileID: 0}
  m_spriteAsset: {fileID: 0}
  m_tintAllSprites: 0
  m_StyleSheet: {fileID: 0}
  m_TextStyleHashCode: -1183493901
  m_overrideHtmlColors: 0
  m_faceColor:
    serializedVersion: 2
    rgba: 4294967295
  m_fontSize: 26
  m_fontSizeBase: 26
  m_fontWeight: 400
  m_enableAutoSizing: 0
  m_fontSizeMin: 18
  m_fontSizeMax: 72
  m_fontStyle: 0
  m_HorizontalAlignment: 2
  m_VerticalAlignment: 512
  m_textAlignment: 65535
  m_characterSpacing: 0
  m_wordSpacing: 0
  m_lineSpacing: 0
  m_lineSpacingMax: 0
  m_paragraphSpacing: 0
  m_charWidthMaxAdj: 0
  m_enableWordWrapping: 1
  m_wordWrappingRatios: 0.4
  m_overflowMode: 0
  m_linkedTextComponent: {fileID: 0}
  parentLinkedComponent: {fileID: 0}
  m_enableKerning: 1
  m_enableExtraPadding: 0
  checkPaddingRequired: 0
  m_isRichText: 1
  m_parseCtrlCharacters: 1
  m_isOrthographic: 1
  m_isCullingEnabled: 0
  m_horizontalMapping: 0
  m_verticalMapping: 0
  m_uvLineOffset: 0
  m_geometrySortingOrder: 0
  m_IsTextObjectScaleStatic: 0
  m_VertexBufferAutoSizeReduction: 0
  m_useMaxVisibleDescender: 1
  m_pageToDisplay: 1
  m_margin: {x: 0, y: 0, z: 0, w: 0}
  m_isUsingLegacyAnimationComponent: 0
  m_isVolumetricText: 0
  m_hasFontAssetChanged: 0
  m_baseMaterial: {fileID: 0}
  m_maskOffset: {x: 0, y: 0, z: 0, w: 0}
--- !u!1 &5950108000406701699
GameObject:
  m_ObjectHideFlags: 0
  m_CorrespondingSourceObject: {fileID: 0}
  m_PrefabInstance: {fileID: 0}
  m_PrefabAsset: {fileID: 0}
  serializedVersion: 6
  m_Component:
  - component: {fileID: 4817342146725862686}
  - component: {fileID: 8320676363680361571}
  - component: {fileID: 8357555202510280545}
  m_Layer: 5
  m_Name: HealthCounter
  m_TagString: Untagged
  m_Icon: {fileID: 0}
  m_NavMeshLayer: 0
  m_StaticEditorFlags: 0
  m_IsActive: 1
--- !u!224 &4817342146725862686
RectTransform:
  m_ObjectHideFlags: 0
  m_CorrespondingSourceObject: {fileID: 0}
  m_PrefabInstance: {fileID: 0}
  m_PrefabAsset: {fileID: 0}
  m_GameObject: {fileID: 5950108000406701699}
  m_LocalRotation: {x: -0, y: -0, z: -0, w: 1}
  m_LocalPosition: {x: 0, y: 0, z: 0}
  m_LocalScale: {x: 1, y: 1, z: 1}
  m_ConstrainProportionsScale: 0
  m_Children:
  - {fileID: 6359072624092181339}
  m_Father: {fileID: 5785691248546261009}
  m_LocalEulerAnglesHint: {x: 0, y: 0, z: 0}
  m_AnchorMin: {x: 1, y: 0}
  m_AnchorMax: {x: 1, y: 0}
  m_AnchoredPosition: {x: -123, y: 25}
  m_SizeDelta: {x: 200, y: 50}
  m_Pivot: {x: 0.5, y: 0.5}
--- !u!222 &8320676363680361571
CanvasRenderer:
  m_ObjectHideFlags: 0
  m_CorrespondingSourceObject: {fileID: 0}
  m_PrefabInstance: {fileID: 0}
  m_PrefabAsset: {fileID: 0}
  m_GameObject: {fileID: 5950108000406701699}
  m_CullTransparentMesh: 1
--- !u!114 &8357555202510280545
MonoBehaviour:
  m_ObjectHideFlags: 0
  m_CorrespondingSourceObject: {fileID: 0}
  m_PrefabInstance: {fileID: 0}
  m_PrefabAsset: {fileID: 0}
  m_GameObject: {fileID: 5950108000406701699}
  m_Enabled: 1
  m_EditorHideFlags: 0
  m_Script: {fileID: 11500000, guid: f4688fdb7df04437aeb418b961361dc5, type: 3}
  m_Name: 
  m_EditorClassIdentifier: 
  m_Material: {fileID: 0}
  m_Color: {r: 1, g: 1, b: 1, a: 1}
  m_RaycastTarget: 1
  m_RaycastPadding: {x: 0, y: 0, z: 0, w: 0}
  m_Maskable: 1
  m_OnCullStateChanged:
    m_PersistentCalls:
      m_Calls: []
  m_text: '100%

'
  m_isRightToLeft: 0
  m_fontAsset: {fileID: 11400000, guid: 9df2065502838864b9dc57438dd7b20d, type: 2}
  m_sharedMaterial: {fileID: -5084937616103910868, guid: 9df2065502838864b9dc57438dd7b20d, type: 2}
  m_fontSharedMaterials: []
  m_fontMaterial: {fileID: 0}
  m_fontMaterials: []
  m_fontColor32:
    serializedVersion: 2
    rgba: 4294967295
  m_fontColor: {r: 1, g: 1, b: 1, a: 1}
  m_enableVertexGradient: 0
  m_colorMode: 3
  m_fontColorGradient:
    topLeft: {r: 1, g: 1, b: 1, a: 1}
    topRight: {r: 1, g: 1, b: 1, a: 1}
    bottomLeft: {r: 1, g: 1, b: 1, a: 1}
    bottomRight: {r: 1, g: 1, b: 1, a: 1}
  m_fontColorGradientPreset: {fileID: 0}
  m_spriteAsset: {fileID: 0}
  m_tintAllSprites: 0
  m_StyleSheet: {fileID: 0}
  m_TextStyleHashCode: -1183493901
  m_overrideHtmlColors: 0
  m_faceColor:
    serializedVersion: 2
    rgba: 4294967295
  m_fontSize: 26
  m_fontSizeBase: 26
  m_fontWeight: 400
  m_enableAutoSizing: 0
  m_fontSizeMin: 18
  m_fontSizeMax: 72
  m_fontStyle: 0
  m_HorizontalAlignment: 4
  m_VerticalAlignment: 256
  m_textAlignment: 65535
  m_characterSpacing: 0
  m_wordSpacing: 0
  m_lineSpacing: 0
  m_lineSpacingMax: 0
  m_paragraphSpacing: 0
  m_charWidthMaxAdj: 0
  m_enableWordWrapping: 1
  m_wordWrappingRatios: 0.4
  m_overflowMode: 0
  m_linkedTextComponent: {fileID: 0}
  parentLinkedComponent: {fileID: 0}
  m_enableKerning: 1
  m_enableExtraPadding: 0
  checkPaddingRequired: 0
  m_isRichText: 1
  m_parseCtrlCharacters: 1
  m_isOrthographic: 1
  m_isCullingEnabled: 0
  m_horizontalMapping: 0
  m_verticalMapping: 0
  m_uvLineOffset: 0
  m_geometrySortingOrder: 0
  m_IsTextObjectScaleStatic: 0
  m_VertexBufferAutoSizeReduction: 0
  m_useMaxVisibleDescender: 1
  m_pageToDisplay: 1
  m_margin: {x: 0, y: 0, z: 0, w: 0}
  m_isUsingLegacyAnimationComponent: 0
  m_isVolumetricText: 0
  m_hasFontAssetChanged: 0
  m_baseMaterial: {fileID: 0}
  m_maskOffset: {x: 0, y: 0, z: 0, w: 0}
--- !u!1 &6078700634022095906
GameObject:
  m_ObjectHideFlags: 0
  m_CorrespondingSourceObject: {fileID: 0}
  m_PrefabInstance: {fileID: 0}
  m_PrefabAsset: {fileID: 0}
  serializedVersion: 6
  m_Component:
  - component: {fileID: 6375137168699368998}
  - component: {fileID: 6319826107807132619}
  - component: {fileID: 1231366230786274869}
  m_Layer: 5
  m_Name: T1
  m_TagString: T1
  m_Icon: {fileID: 0}
  m_NavMeshLayer: 0
  m_StaticEditorFlags: 0
  m_IsActive: 1
--- !u!224 &6375137168699368998
RectTransform:
  m_ObjectHideFlags: 0
  m_CorrespondingSourceObject: {fileID: 0}
  m_PrefabInstance: {fileID: 0}
  m_PrefabAsset: {fileID: 0}
  m_GameObject: {fileID: 6078700634022095906}
  m_LocalRotation: {x: -0, y: -0, z: -0, w: 1}
  m_LocalPosition: {x: 0, y: 0, z: 0}
  m_LocalScale: {x: 0.0025, y: 0.014285714, z: 0}
  m_ConstrainProportionsScale: 0
  m_Children: []
  m_Father: {fileID: 5051231633982402922}
  m_LocalEulerAnglesHint: {x: 0, y: 0, z: 0}
  m_AnchorMin: {x: 0.5, y: 0.5}
  m_AnchorMax: {x: 0.5, y: 0.5}
  m_AnchoredPosition: {x: -0.167, y: -0.0038146973}
  m_SizeDelta: {x: 60, y: 60}
  m_Pivot: {x: 0.5, y: 0.5}
--- !u!222 &6319826107807132619
CanvasRenderer:
  m_ObjectHideFlags: 0
  m_CorrespondingSourceObject: {fileID: 0}
  m_PrefabInstance: {fileID: 0}
  m_PrefabAsset: {fileID: 0}
  m_GameObject: {fileID: 6078700634022095906}
  m_CullTransparentMesh: 1
--- !u!114 &1231366230786274869
MonoBehaviour:
  m_ObjectHideFlags: 0
  m_CorrespondingSourceObject: {fileID: 0}
  m_PrefabInstance: {fileID: 0}
  m_PrefabAsset: {fileID: 0}
  m_GameObject: {fileID: 6078700634022095906}
  m_Enabled: 1
  m_EditorHideFlags: 0
  m_Script: {fileID: 11500000, guid: fe87c0e1cc204ed48ad3b37840f39efc, type: 3}
  m_Name: 
  m_EditorClassIdentifier: 
  m_Material: {fileID: 0}
  m_Color: {r: 0, g: 0, b: 0, a: 1}
  m_RaycastTarget: 1
  m_RaycastPadding: {x: 0, y: 0, z: 0, w: 0}
  m_Maskable: 1
  m_OnCullStateChanged:
    m_PersistentCalls:
      m_Calls: []
  m_Sprite: {fileID: 0}
  m_Type: 0
  m_PreserveAspect: 0
  m_FillCenter: 1
  m_FillMethod: 4
  m_FillAmount: 1
  m_FillClockwise: 1
  m_FillOrigin: 0
  m_UseSpriteMesh: 0
  m_PixelsPerUnitMultiplier: 1
--- !u!1 &6777745349108921198
GameObject:
  m_ObjectHideFlags: 0
  m_CorrespondingSourceObject: {fileID: 0}
  m_PrefabInstance: {fileID: 0}
  m_PrefabAsset: {fileID: 0}
  serializedVersion: 6
  m_Component:
  - component: {fileID: 1665848989620925867}
  - component: {fileID: 6844887790270533535}
  - component: {fileID: 1713164374765416338}
  m_Layer: 5
  m_Name: Num 3
  m_TagString: Untagged
  m_Icon: {fileID: 0}
  m_NavMeshLayer: 0
  m_StaticEditorFlags: 0
  m_IsActive: 1
--- !u!224 &1665848989620925867
RectTransform:
  m_ObjectHideFlags: 0
  m_CorrespondingSourceObject: {fileID: 0}
  m_PrefabInstance: {fileID: 0}
  m_PrefabAsset: {fileID: 0}
  m_GameObject: {fileID: 6777745349108921198}
  m_LocalRotation: {x: -0, y: -0, z: -0, w: 1}
  m_LocalPosition: {x: 0, y: 0, z: 0}
  m_LocalScale: {x: 0.0025, y: 0.014285714, z: 0}
  m_ConstrainProportionsScale: 0
  m_Children: []
  m_Father: {fileID: 5051231633982402922}
  m_LocalEulerAnglesHint: {x: 0, y: 0, z: 0}
  m_AnchorMin: {x: 0.5, y: 0.5}
  m_AnchorMax: {x: 0.5, y: 0.5}
  m_AnchoredPosition: {x: 0.12140006, y: -0.2310005}
  m_SizeDelta: {x: 60, y: 60}
  m_Pivot: {x: 0.5, y: 0.5}
--- !u!222 &6844887790270533535
CanvasRenderer:
  m_ObjectHideFlags: 0
  m_CorrespondingSourceObject: {fileID: 0}
  m_PrefabInstance: {fileID: 0}
  m_PrefabAsset: {fileID: 0}
  m_GameObject: {fileID: 6777745349108921198}
  m_CullTransparentMesh: 1
--- !u!114 &1713164374765416338
MonoBehaviour:
  m_ObjectHideFlags: 0
  m_CorrespondingSourceObject: {fileID: 0}
  m_PrefabInstance: {fileID: 0}
  m_PrefabAsset: {fileID: 0}
  m_GameObject: {fileID: 6777745349108921198}
  m_Enabled: 1
  m_EditorHideFlags: 0
  m_Script: {fileID: 11500000, guid: f4688fdb7df04437aeb418b961361dc5, type: 3}
  m_Name: 
  m_EditorClassIdentifier: 
  m_Material: {fileID: 0}
  m_Color: {r: 1, g: 1, b: 1, a: 1}
  m_RaycastTarget: 1
  m_RaycastPadding: {x: 0, y: 0, z: 0, w: 0}
  m_Maskable: 1
  m_OnCullStateChanged:
    m_PersistentCalls:
      m_Calls: []
  m_text: 3
  m_isRightToLeft: 0
  m_fontAsset: {fileID: 11400000, guid: 9df2065502838864b9dc57438dd7b20d, type: 2}
  m_sharedMaterial: {fileID: -5084937616103910868, guid: 9df2065502838864b9dc57438dd7b20d, type: 2}
  m_fontSharedMaterials: []
  m_fontMaterial: {fileID: 0}
  m_fontMaterials: []
  m_fontColor32:
    serializedVersion: 2
    rgba: 4287397502
  m_fontColor: {r: 0.49296904, g: 0.49296904, b: 0.5471698, a: 1}
  m_enableVertexGradient: 0
  m_colorMode: 3
  m_fontColorGradient:
    topLeft: {r: 1, g: 1, b: 1, a: 1}
    topRight: {r: 1, g: 1, b: 1, a: 1}
    bottomLeft: {r: 1, g: 1, b: 1, a: 1}
    bottomRight: {r: 1, g: 1, b: 1, a: 1}
  m_fontColorGradientPreset: {fileID: 0}
  m_spriteAsset: {fileID: 0}
  m_tintAllSprites: 0
  m_StyleSheet: {fileID: 0}
  m_TextStyleHashCode: -1183493901
  m_overrideHtmlColors: 0
  m_faceColor:
    serializedVersion: 2
    rgba: 4294967295
  m_fontSize: 26
  m_fontSizeBase: 26
  m_fontWeight: 400
  m_enableAutoSizing: 0
  m_fontSizeMin: 18
  m_fontSizeMax: 72
  m_fontStyle: 0
  m_HorizontalAlignment: 2
  m_VerticalAlignment: 512
  m_textAlignment: 65535
  m_characterSpacing: 0
  m_wordSpacing: 0
  m_lineSpacing: 0
  m_lineSpacingMax: 0
  m_paragraphSpacing: 0
  m_charWidthMaxAdj: 0
  m_enableWordWrapping: 1
  m_wordWrappingRatios: 0.4
  m_overflowMode: 0
  m_linkedTextComponent: {fileID: 0}
  parentLinkedComponent: {fileID: 0}
  m_enableKerning: 1
  m_enableExtraPadding: 0
  checkPaddingRequired: 0
  m_isRichText: 1
  m_parseCtrlCharacters: 1
  m_isOrthographic: 1
  m_isCullingEnabled: 0
  m_horizontalMapping: 0
  m_verticalMapping: 0
  m_uvLineOffset: 0
  m_geometrySortingOrder: 0
  m_IsTextObjectScaleStatic: 0
  m_VertexBufferAutoSizeReduction: 0
  m_useMaxVisibleDescender: 1
  m_pageToDisplay: 1
  m_margin: {x: 0, y: 0, z: 0, w: 0}
  m_isUsingLegacyAnimationComponent: 0
  m_isVolumetricText: 0
  m_hasFontAssetChanged: 0
  m_baseMaterial: {fileID: 0}
  m_maskOffset: {x: 0, y: 0, z: 0, w: 0}
--- !u!1 &6890064614769382970
GameObject:
  m_ObjectHideFlags: 0
  m_CorrespondingSourceObject: {fileID: 0}
  m_PrefabInstance: {fileID: 0}
  m_PrefabAsset: {fileID: 0}
  serializedVersion: 6
  m_Component:
  - component: {fileID: 5494959974023374014}
  - component: {fileID: 3963087256038102719}
  - component: {fileID: 8232292426104943221}
  m_Layer: 5
  m_Name: C2
  m_TagString: C2
  m_Icon: {fileID: 0}
  m_NavMeshLayer: 0
  m_StaticEditorFlags: 0
  m_IsActive: 1
--- !u!224 &5494959974023374014
RectTransform:
  m_ObjectHideFlags: 0
  m_CorrespondingSourceObject: {fileID: 0}
  m_PrefabInstance: {fileID: 0}
  m_PrefabAsset: {fileID: 0}
  m_GameObject: {fileID: 6890064614769382970}
  m_LocalRotation: {x: -0, y: -0, z: -0, w: 1}
  m_LocalPosition: {x: 0, y: 0, z: 0}
  m_LocalScale: {x: 0.0025, y: 0.014285714, z: 0}
  m_ConstrainProportionsScale: 0
  m_Children: []
  m_Father: {fileID: 5051231633982402922}
  m_LocalEulerAnglesHint: {x: 0, y: 0, z: 0}
  m_AnchorMin: {x: 0.5, y: 0.5}
  m_AnchorMax: {x: 0.5, y: 0.5}
  m_AnchoredPosition: {x: -0.0060999836, y: 0.00399974}
  m_SizeDelta: {x: 60, y: 60}
  m_Pivot: {x: 0.5, y: 0.5}
--- !u!222 &3963087256038102719
CanvasRenderer:
  m_ObjectHideFlags: 0
  m_CorrespondingSourceObject: {fileID: 0}
  m_PrefabInstance: {fileID: 0}
  m_PrefabAsset: {fileID: 0}
  m_GameObject: {fileID: 6890064614769382970}
  m_CullTransparentMesh: 1
--- !u!114 &8232292426104943221
MonoBehaviour:
  m_ObjectHideFlags: 0
  m_CorrespondingSourceObject: {fileID: 0}
  m_PrefabInstance: {fileID: 0}
  m_PrefabAsset: {fileID: 0}
  m_GameObject: {fileID: 6890064614769382970}
  m_Enabled: 1
  m_EditorHideFlags: 0
  m_Script: {fileID: 11500000, guid: f4688fdb7df04437aeb418b961361dc5, type: 3}
  m_Name: 
  m_EditorClassIdentifier: 
  m_Material: {fileID: 0}
  m_Color: {r: 1, g: 1, b: 1, a: 1}
  m_RaycastTarget: 1
  m_RaycastPadding: {x: 0, y: 0, z: 0, w: 0}
  m_Maskable: 1
  m_OnCullStateChanged:
    m_PersistentCalls:
      m_Calls: []
  m_text: 10
  m_isRightToLeft: 0
  m_fontAsset: {fileID: 11400000, guid: 9df2065502838864b9dc57438dd7b20d, type: 2}
  m_sharedMaterial: {fileID: -5084937616103910868, guid: 9df2065502838864b9dc57438dd7b20d, type: 2}
  m_fontSharedMaterials: []
  m_fontMaterial: {fileID: 0}
  m_fontMaterials: []
  m_fontColor32:
    serializedVersion: 2
    rgba: 4291480266
  m_fontColor: {r: 0.7924528, g: 0.7924528, b: 0.7924528, a: 1}
  m_enableVertexGradient: 0
  m_colorMode: 3
  m_fontColorGradient:
    topLeft: {r: 1, g: 1, b: 1, a: 1}
    topRight: {r: 1, g: 1, b: 1, a: 1}
    bottomLeft: {r: 1, g: 1, b: 1, a: 1}
    bottomRight: {r: 1, g: 1, b: 1, a: 1}
  m_fontColorGradientPreset: {fileID: 0}
  m_spriteAsset: {fileID: 0}
  m_tintAllSprites: 0
  m_StyleSheet: {fileID: 0}
  m_TextStyleHashCode: -1183493901
  m_overrideHtmlColors: 0
  m_faceColor:
    serializedVersion: 2
    rgba: 4294967295
  m_fontSize: 22
  m_fontSizeBase: 22
  m_fontWeight: 400
  m_enableAutoSizing: 0
  m_fontSizeMin: 18
  m_fontSizeMax: 72
  m_fontStyle: 0
  m_HorizontalAlignment: 4
  m_VerticalAlignment: 256
  m_textAlignment: 65535
  m_characterSpacing: 0
  m_wordSpacing: 0
  m_lineSpacing: 0
  m_lineSpacingMax: 0
  m_paragraphSpacing: 0
  m_charWidthMaxAdj: 0
  m_enableWordWrapping: 1
  m_wordWrappingRatios: 0.4
  m_overflowMode: 0
  m_linkedTextComponent: {fileID: 0}
  parentLinkedComponent: {fileID: 0}
  m_enableKerning: 1
  m_enableExtraPadding: 0
  checkPaddingRequired: 0
  m_isRichText: 1
  m_parseCtrlCharacters: 1
  m_isOrthographic: 1
  m_isCullingEnabled: 0
  m_horizontalMapping: 0
  m_verticalMapping: 0
  m_uvLineOffset: 0
  m_geometrySortingOrder: 0
  m_IsTextObjectScaleStatic: 0
  m_VertexBufferAutoSizeReduction: 0
  m_useMaxVisibleDescender: 1
  m_pageToDisplay: 1
  m_margin: {x: 0, y: 0, z: 0, w: 0}
  m_isUsingLegacyAnimationComponent: 0
  m_isVolumetricText: 0
  m_hasFontAssetChanged: 0
  m_baseMaterial: {fileID: 0}
  m_maskOffset: {x: 0, y: 0, z: 0, w: 0}
--- !u!1 &7024672398928099356
GameObject:
  m_ObjectHideFlags: 0
  m_CorrespondingSourceObject: {fileID: 0}
  m_PrefabInstance: {fileID: 0}
  m_PrefabAsset: {fileID: 0}
  serializedVersion: 6
  m_Component:
  - component: {fileID: 6359072624092181339}
  - component: {fileID: 2280713073074092740}
  - component: {fileID: 7783693961508383899}
  m_Layer: 5
  m_Name: heart
  m_TagString: Untagged
  m_Icon: {fileID: 0}
  m_NavMeshLayer: 0
  m_StaticEditorFlags: 0
  m_IsActive: 1
--- !u!224 &6359072624092181339
RectTransform:
  m_ObjectHideFlags: 0
  m_CorrespondingSourceObject: {fileID: 0}
  m_PrefabInstance: {fileID: 0}
  m_PrefabAsset: {fileID: 0}
  m_GameObject: {fileID: 7024672398928099356}
  m_LocalRotation: {x: -0, y: -0, z: -0, w: 1}
  m_LocalPosition: {x: 0, y: 0, z: 0}
  m_LocalScale: {x: 0.25, y: 0.25, z: 0.25}
  m_ConstrainProportionsScale: 1
  m_Children: []
  m_Father: {fileID: 4817342146725862686}
  m_LocalEulerAnglesHint: {x: 0, y: 0, z: 0}
  m_AnchorMin: {x: 0.5, y: 0.5}
  m_AnchorMax: {x: 0.5, y: 0.5}
  m_AnchoredPosition: {x: -38.9, y: 7.3}
  m_SizeDelta: {x: 100, y: 100}
  m_Pivot: {x: 0.5, y: 0.5}
--- !u!222 &2280713073074092740
CanvasRenderer:
  m_ObjectHideFlags: 0
  m_CorrespondingSourceObject: {fileID: 0}
  m_PrefabInstance: {fileID: 0}
  m_PrefabAsset: {fileID: 0}
  m_GameObject: {fileID: 7024672398928099356}
  m_CullTransparentMesh: 1
--- !u!114 &7783693961508383899
MonoBehaviour:
  m_ObjectHideFlags: 0
  m_CorrespondingSourceObject: {fileID: 0}
  m_PrefabInstance: {fileID: 0}
  m_PrefabAsset: {fileID: 0}
  m_GameObject: {fileID: 7024672398928099356}
  m_Enabled: 1
  m_EditorHideFlags: 0
  m_Script: {fileID: 11500000, guid: fe87c0e1cc204ed48ad3b37840f39efc, type: 3}
  m_Name: 
  m_EditorClassIdentifier: 
  m_Material: {fileID: 0}
  m_Color: {r: 1, g: 1, b: 1, a: 1}
  m_RaycastTarget: 1
  m_RaycastPadding: {x: 0, y: 0, z: 0, w: 0}
  m_Maskable: 1
  m_OnCullStateChanged:
    m_PersistentCalls:
      m_Calls: []
  m_Sprite: {fileID: 21300000, guid: 6fb7ffa5bbd8b5a47b17434e23365ba2, type: 3}
  m_Type: 0
  m_PreserveAspect: 0
  m_FillCenter: 1
  m_FillMethod: 4
  m_FillAmount: 1
  m_FillClockwise: 1
  m_FillOrigin: 0
  m_UseSpriteMesh: 0
  m_PixelsPerUnitMultiplier: 1
--- !u!1 &7436607603734837910
GameObject:
  m_ObjectHideFlags: 0
  m_CorrespondingSourceObject: {fileID: 0}
  m_PrefabInstance: {fileID: 0}
  m_PrefabAsset: {fileID: 0}
  serializedVersion: 6
  m_Component:
  - component: {fileID: 9067335527253662595}
  - component: {fileID: 5715177883098474167}
  - component: {fileID: 5650119487942917168}
  m_Layer: 5
  m_Name: Image
  m_TagString: Untagged
  m_Icon: {fileID: 0}
  m_NavMeshLayer: 0
  m_StaticEditorFlags: 0
  m_IsActive: 1
--- !u!224 &9067335527253662595
RectTransform:
  m_ObjectHideFlags: 0
  m_CorrespondingSourceObject: {fileID: 0}
  m_PrefabInstance: {fileID: 0}
  m_PrefabAsset: {fileID: 0}
  m_GameObject: {fileID: 7436607603734837910}
  m_LocalRotation: {x: 1, y: 0, z: 0, w: 0}
  m_LocalPosition: {x: 0, y: 0, z: 0}
  m_LocalScale: {x: 0.00125, y: 0.0071428567, z: 0}
  m_ConstrainProportionsScale: 1
  m_Children: []
  m_Father: {fileID: 5051231633982402922}
  m_LocalEulerAnglesHint: {x: 180, y: 0, z: 0}
  m_AnchorMin: {x: 0.5, y: 0.5}
  m_AnchorMax: {x: 0.5, y: 0.5}
  m_AnchoredPosition: {x: -0.169, y: 0.005}
  m_SizeDelta: {x: 75, y: 100}
  m_Pivot: {x: 0.5, y: 0.5}
--- !u!222 &5715177883098474167
CanvasRenderer:
  m_ObjectHideFlags: 0
  m_CorrespondingSourceObject: {fileID: 0}
  m_PrefabInstance: {fileID: 0}
  m_PrefabAsset: {fileID: 0}
  m_GameObject: {fileID: 7436607603734837910}
  m_CullTransparentMesh: 1
--- !u!114 &5650119487942917168
MonoBehaviour:
  m_ObjectHideFlags: 0
  m_CorrespondingSourceObject: {fileID: 0}
  m_PrefabInstance: {fileID: 0}
  m_PrefabAsset: {fileID: 0}
  m_GameObject: {fileID: 7436607603734837910}
  m_Enabled: 1
  m_EditorHideFlags: 0
  m_Script: {fileID: 11500000, guid: fe87c0e1cc204ed48ad3b37840f39efc, type: 3}
  m_Name: 
  m_EditorClassIdentifier: 
  m_Material: {fileID: 0}
  m_Color: {r: 1, g: 1, b: 1, a: 0.27058825}
  m_RaycastTarget: 1
  m_RaycastPadding: {x: 0, y: 0, z: 0, w: 0}
  m_Maskable: 1
  m_OnCullStateChanged:
    m_PersistentCalls:
      m_Calls: []
  m_Sprite: {fileID: 21300000, guid: c82f96ff064a9e24f9b91707dbde8d7d, type: 3}
  m_Type: 0
  m_PreserveAspect: 0
  m_FillCenter: 1
  m_FillMethod: 4
  m_FillAmount: 1
  m_FillClockwise: 1
  m_FillOrigin: 0
  m_UseSpriteMesh: 0
  m_PixelsPerUnitMultiplier: 1
--- !u!1 &7463012098572362459
GameObject:
  m_ObjectHideFlags: 0
  m_CorrespondingSourceObject: {fileID: 0}
  m_PrefabInstance: {fileID: 0}
  m_PrefabAsset: {fileID: 0}
  serializedVersion: 6
  m_Component:
  - component: {fileID: 1911786529707733774}
  - component: {fileID: 6155693959028556934}
  - component: {fileID: 5117537526166486505}
  m_Layer: 5
  m_Name: Fill
  m_TagString: NexusHealthBar
  m_Icon: {fileID: 0}
  m_NavMeshLayer: 0
  m_StaticEditorFlags: 0
  m_IsActive: 1
--- !u!224 &1911786529707733774
RectTransform:
  m_ObjectHideFlags: 0
  m_CorrespondingSourceObject: {fileID: 0}
  m_PrefabInstance: {fileID: 0}
  m_PrefabAsset: {fileID: 0}
  m_GameObject: {fileID: 7463012098572362459}
  m_LocalRotation: {x: -0, y: -0, z: -0, w: 1}
  m_LocalPosition: {x: 0, y: 0, z: 0}
  m_LocalScale: {x: 1, y: 1, z: 0}
  m_ConstrainProportionsScale: 0
  m_Children: []
  m_Father: {fileID: 1298109624087294492}
  m_LocalEulerAnglesHint: {x: 0, y: 0, z: 0}
  m_AnchorMin: {x: 0, y: 0}
  m_AnchorMax: {x: 1, y: 1}
  m_AnchoredPosition: {x: 0, y: -0.000091552734}
  m_SizeDelta: {x: 0, y: -0.00010681152}
  m_Pivot: {x: 1, y: 1}
--- !u!222 &6155693959028556934
CanvasRenderer:
  m_ObjectHideFlags: 0
  m_CorrespondingSourceObject: {fileID: 0}
  m_PrefabInstance: {fileID: 0}
  m_PrefabAsset: {fileID: 0}
  m_GameObject: {fileID: 7463012098572362459}
  m_CullTransparentMesh: 1
--- !u!114 &5117537526166486505
MonoBehaviour:
  m_ObjectHideFlags: 0
  m_CorrespondingSourceObject: {fileID: 0}
  m_PrefabInstance: {fileID: 0}
  m_PrefabAsset: {fileID: 0}
  m_GameObject: {fileID: 7463012098572362459}
  m_Enabled: 1
  m_EditorHideFlags: 0
  m_Script: {fileID: 11500000, guid: fe87c0e1cc204ed48ad3b37840f39efc, type: 3}
  m_Name: 
  m_EditorClassIdentifier: 
  m_Material: {fileID: 0}
  m_Color: {r: 0, g: 1, b: 0.9905014, a: 1}
  m_RaycastTarget: 1
  m_RaycastPadding: {x: 0, y: 0, z: 0, w: 0}
  m_Maskable: 1
  m_OnCullStateChanged:
    m_PersistentCalls:
      m_Calls: []
  m_Sprite: {fileID: 0}
  m_Type: 0
  m_PreserveAspect: 0
  m_FillCenter: 1
  m_FillMethod: 4
  m_FillAmount: 1
  m_FillClockwise: 1
  m_FillOrigin: 0
  m_UseSpriteMesh: 0
  m_PixelsPerUnitMultiplier: 1
--- !u!1 &7521457246980672555
GameObject:
  m_ObjectHideFlags: 0
  m_CorrespondingSourceObject: {fileID: 0}
  m_PrefabInstance: {fileID: 0}
  m_PrefabAsset: {fileID: 0}
  serializedVersion: 6
  m_Component:
  - component: {fileID: 3051747537280001976}
  - component: {fileID: 4257613032017015907}
  - component: {fileID: 5309565420717040052}
  m_Layer: 5
  m_Name: Repair
  m_TagString: Repair
  m_Icon: {fileID: 0}
  m_NavMeshLayer: 0
  m_StaticEditorFlags: 0
  m_IsActive: 1
--- !u!224 &3051747537280001976
RectTransform:
  m_ObjectHideFlags: 0
  m_CorrespondingSourceObject: {fileID: 0}
  m_PrefabInstance: {fileID: 0}
  m_PrefabAsset: {fileID: 0}
  m_GameObject: {fileID: 7521457246980672555}
  m_LocalRotation: {x: -0, y: -0, z: -0, w: 1}
  m_LocalPosition: {x: 0, y: 0, z: 0}
  m_LocalScale: {x: 0.0025, y: 0.014285713, z: 0}
  m_ConstrainProportionsScale: 0
  m_Children: []
  m_Father: {fileID: 8106564739226111755}
  m_LocalEulerAnglesHint: {x: 0, y: 0, z: 0}
  m_AnchorMin: {x: 0.5, y: 0.5}
  m_AnchorMax: {x: 0.5, y: 0.5}
  m_AnchoredPosition: {x: 0, y: -0.0037841797}
  m_SizeDelta: {x: 60, y: 60}
  m_Pivot: {x: 0.5, y: 0.5}
--- !u!222 &4257613032017015907
CanvasRenderer:
  m_ObjectHideFlags: 0
  m_CorrespondingSourceObject: {fileID: 0}
  m_PrefabInstance: {fileID: 0}
  m_PrefabAsset: {fileID: 0}
  m_GameObject: {fileID: 7521457246980672555}
  m_CullTransparentMesh: 1
--- !u!114 &5309565420717040052
MonoBehaviour:
  m_ObjectHideFlags: 0
  m_CorrespondingSourceObject: {fileID: 0}
  m_PrefabInstance: {fileID: 0}
  m_PrefabAsset: {fileID: 0}
  m_GameObject: {fileID: 7521457246980672555}
  m_Enabled: 1
  m_EditorHideFlags: 0
  m_Script: {fileID: 11500000, guid: fe87c0e1cc204ed48ad3b37840f39efc, type: 3}
  m_Name: 
  m_EditorClassIdentifier: 
  m_Material: {fileID: 0}
  m_Color: {r: 0, g: 0, b: 0, a: 1}
  m_RaycastTarget: 1
  m_RaycastPadding: {x: 0, y: 0, z: 0, w: 0}
  m_Maskable: 1
  m_OnCullStateChanged:
    m_PersistentCalls:
      m_Calls: []
  m_Sprite: {fileID: 0}
  m_Type: 0
  m_PreserveAspect: 0
  m_FillCenter: 1
  m_FillMethod: 4
  m_FillAmount: 1
  m_FillClockwise: 1
  m_FillOrigin: 0
  m_UseSpriteMesh: 0
  m_PixelsPerUnitMultiplier: 1
--- !u!1 &7921659687707635850
GameObject:
  m_ObjectHideFlags: 0
  m_CorrespondingSourceObject: {fileID: 0}
  m_PrefabInstance: {fileID: 0}
  m_PrefabAsset: {fileID: 0}
  serializedVersion: 6
  m_Component:
  - component: {fileID: 3098157686568963175}
  - component: {fileID: 6373522963757116153}
  - component: {fileID: 2475684531078094894}
  m_Layer: 5
  m_Name: Num 2
  m_TagString: Untagged
  m_Icon: {fileID: 0}
  m_NavMeshLayer: 0
  m_StaticEditorFlags: 0
  m_IsActive: 1
--- !u!224 &3098157686568963175
RectTransform:
  m_ObjectHideFlags: 0
  m_CorrespondingSourceObject: {fileID: 0}
  m_PrefabInstance: {fileID: 0}
  m_PrefabAsset: {fileID: 0}
  m_GameObject: {fileID: 7921659687707635850}
  m_LocalRotation: {x: -0, y: -0, z: -0, w: 1}
  m_LocalPosition: {x: 0, y: 0, z: 0}
  m_LocalScale: {x: 0.0025, y: 0.014285714, z: 0}
  m_ConstrainProportionsScale: 0
  m_Children: []
  m_Father: {fileID: 5051231633982402922}
  m_LocalEulerAnglesHint: {x: 0, y: 0, z: 0}
  m_AnchorMin: {x: 0.5, y: 0.5}
  m_AnchorMax: {x: 0.5, y: 0.5}
  m_AnchoredPosition: {x: -0.04439995, y: -0.2310005}
  m_SizeDelta: {x: 60, y: 60}
  m_Pivot: {x: 0.5, y: 0.5}
--- !u!222 &6373522963757116153
CanvasRenderer:
  m_ObjectHideFlags: 0
  m_CorrespondingSourceObject: {fileID: 0}
  m_PrefabInstance: {fileID: 0}
  m_PrefabAsset: {fileID: 0}
  m_GameObject: {fileID: 7921659687707635850}
  m_CullTransparentMesh: 1
--- !u!114 &2475684531078094894
MonoBehaviour:
  m_ObjectHideFlags: 0
  m_CorrespondingSourceObject: {fileID: 0}
  m_PrefabInstance: {fileID: 0}
  m_PrefabAsset: {fileID: 0}
  m_GameObject: {fileID: 7921659687707635850}
  m_Enabled: 1
  m_EditorHideFlags: 0
  m_Script: {fileID: 11500000, guid: f4688fdb7df04437aeb418b961361dc5, type: 3}
  m_Name: 
  m_EditorClassIdentifier: 
  m_Material: {fileID: 0}
  m_Color: {r: 1, g: 1, b: 1, a: 1}
  m_RaycastTarget: 1
  m_RaycastPadding: {x: 0, y: 0, z: 0, w: 0}
  m_Maskable: 1
  m_OnCullStateChanged:
    m_PersistentCalls:
      m_Calls: []
  m_text: 2
  m_isRightToLeft: 0
  m_fontAsset: {fileID: 11400000, guid: 9df2065502838864b9dc57438dd7b20d, type: 2}
  m_sharedMaterial: {fileID: -5084937616103910868, guid: 9df2065502838864b9dc57438dd7b20d, type: 2}
  m_fontSharedMaterials: []
  m_fontMaterial: {fileID: 0}
  m_fontMaterials: []
  m_fontColor32:
    serializedVersion: 2
    rgba: 4287397502
  m_fontColor: {r: 0.49296904, g: 0.49296904, b: 0.5471698, a: 1}
  m_enableVertexGradient: 0
  m_colorMode: 3
  m_fontColorGradient:
    topLeft: {r: 1, g: 1, b: 1, a: 1}
    topRight: {r: 1, g: 1, b: 1, a: 1}
    bottomLeft: {r: 1, g: 1, b: 1, a: 1}
    bottomRight: {r: 1, g: 1, b: 1, a: 1}
  m_fontColorGradientPreset: {fileID: 0}
  m_spriteAsset: {fileID: 0}
  m_tintAllSprites: 0
  m_StyleSheet: {fileID: 0}
  m_TextStyleHashCode: -1183493901
  m_overrideHtmlColors: 0
  m_faceColor:
    serializedVersion: 2
    rgba: 4294967295
  m_fontSize: 26
  m_fontSizeBase: 26
  m_fontWeight: 400
  m_enableAutoSizing: 0
  m_fontSizeMin: 18
  m_fontSizeMax: 72
  m_fontStyle: 0
  m_HorizontalAlignment: 2
  m_VerticalAlignment: 512
  m_textAlignment: 65535
  m_characterSpacing: 0
  m_wordSpacing: 0
  m_lineSpacing: 0
  m_lineSpacingMax: 0
  m_paragraphSpacing: 0
  m_charWidthMaxAdj: 0
  m_enableWordWrapping: 1
  m_wordWrappingRatios: 0.4
  m_overflowMode: 0
  m_linkedTextComponent: {fileID: 0}
  parentLinkedComponent: {fileID: 0}
  m_enableKerning: 1
  m_enableExtraPadding: 0
  checkPaddingRequired: 0
  m_isRichText: 1
  m_parseCtrlCharacters: 1
  m_isOrthographic: 1
  m_isCullingEnabled: 0
  m_horizontalMapping: 0
  m_verticalMapping: 0
  m_uvLineOffset: 0
  m_geometrySortingOrder: 0
  m_IsTextObjectScaleStatic: 0
  m_VertexBufferAutoSizeReduction: 0
  m_useMaxVisibleDescender: 1
  m_pageToDisplay: 1
  m_margin: {x: 0, y: 0, z: 0, w: 0}
  m_isUsingLegacyAnimationComponent: 0
  m_isVolumetricText: 0
  m_hasFontAssetChanged: 0
  m_baseMaterial: {fileID: 0}
  m_maskOffset: {x: 0, y: 0, z: 0, w: 0}
--- !u!1 &7977814393835587757
GameObject:
  m_ObjectHideFlags: 0
  m_CorrespondingSourceObject: {fileID: 0}
  m_PrefabInstance: {fileID: 0}
  m_PrefabAsset: {fileID: 0}
  serializedVersion: 6
  m_Component:
  - component: {fileID: 392047740214002216}
  - component: {fileID: 7747174361724835636}
  - component: {fileID: 2361826282415362127}
  m_Layer: 5
  m_Name: icondisabled
  m_TagString: Untagged
  m_Icon: {fileID: 0}
  m_NavMeshLayer: 0
  m_StaticEditorFlags: 0
  m_IsActive: 0
--- !u!224 &392047740214002216
RectTransform:
  m_ObjectHideFlags: 0
  m_CorrespondingSourceObject: {fileID: 0}
  m_PrefabInstance: {fileID: 0}
  m_PrefabAsset: {fileID: 0}
  m_GameObject: {fileID: 7977814393835587757}
  m_LocalRotation: {x: 1, y: -0, z: -0, w: 0}
  m_LocalPosition: {x: 0, y: 0, z: 0}
  m_LocalScale: {x: 0.00115, y: 0.006571428, z: 0}
  m_ConstrainProportionsScale: 1
  m_Children:
  - {fileID: 6646433117705341333}
  m_Father: {fileID: 8106564739226111755}
  m_LocalEulerAnglesHint: {x: 180, y: 0, z: 0}
  m_AnchorMin: {x: 0.5, y: 0.5}
  m_AnchorMax: {x: 0.5, y: 0.5}
  m_AnchoredPosition: {x: 0.0037498772, y: 0.005}
  m_SizeDelta: {x: 100, y: 100}
  m_Pivot: {x: 0.5, y: 0.5}
--- !u!222 &7747174361724835636
CanvasRenderer:
  m_ObjectHideFlags: 0
  m_CorrespondingSourceObject: {fileID: 0}
  m_PrefabInstance: {fileID: 0}
  m_PrefabAsset: {fileID: 0}
  m_GameObject: {fileID: 7977814393835587757}
  m_CullTransparentMesh: 1
--- !u!114 &2361826282415362127
MonoBehaviour:
  m_ObjectHideFlags: 0
  m_CorrespondingSourceObject: {fileID: 0}
  m_PrefabInstance: {fileID: 0}
  m_PrefabAsset: {fileID: 0}
  m_GameObject: {fileID: 7977814393835587757}
  m_Enabled: 1
  m_EditorHideFlags: 0
  m_Script: {fileID: 11500000, guid: fe87c0e1cc204ed48ad3b37840f39efc, type: 3}
  m_Name: 
  m_EditorClassIdentifier: 
  m_Material: {fileID: 0}
  m_Color: {r: 1, g: 1, b: 1, a: 1}
  m_RaycastTarget: 1
  m_RaycastPadding: {x: 0, y: 0, z: 0, w: 0}
  m_Maskable: 1
  m_OnCullStateChanged:
    m_PersistentCalls:
      m_Calls: []
  m_Sprite: {fileID: 21300000, guid: 7c6636a5477477a49b8fed0fc349b469, type: 3}
  m_Type: 0
  m_PreserveAspect: 0
  m_FillCenter: 1
  m_FillMethod: 4
  m_FillAmount: 1
  m_FillClockwise: 1
  m_FillOrigin: 0
  m_UseSpriteMesh: 0
  m_PixelsPerUnitMultiplier: 1
--- !u!1 &8272549820991617390
GameObject:
  m_ObjectHideFlags: 0
  m_CorrespondingSourceObject: {fileID: 0}
  m_PrefabInstance: {fileID: 0}
  m_PrefabAsset: {fileID: 0}
  serializedVersion: 6
  m_Component:
  - component: {fileID: 1360991248599947519}
  - component: {fileID: 7600390048349909106}
  - component: {fileID: 8184633687945950932}
  m_Layer: 5
  m_Name: T2
  m_TagString: T2
  m_Icon: {fileID: 0}
  m_NavMeshLayer: 0
  m_StaticEditorFlags: 0
  m_IsActive: 1
--- !u!224 &1360991248599947519
RectTransform:
  m_ObjectHideFlags: 0
  m_CorrespondingSourceObject: {fileID: 0}
  m_PrefabInstance: {fileID: 0}
  m_PrefabAsset: {fileID: 0}
  m_GameObject: {fileID: 8272549820991617390}
  m_LocalRotation: {x: -0, y: -0, z: -0, w: 1}
  m_LocalPosition: {x: 0, y: 0, z: 0}
  m_LocalScale: {x: 0.0025, y: 0.014285714, z: 0}
  m_ConstrainProportionsScale: 0
  m_Children: []
  m_Father: {fileID: 5051231633982402922}
  m_LocalEulerAnglesHint: {x: 0, y: 0, z: 0}
  m_AnchorMin: {x: 0.5, y: 0.5}
  m_AnchorMax: {x: 0.5, y: 0.5}
  m_AnchoredPosition: {x: -0.0017451346, y: -0.0038146973}
  m_SizeDelta: {x: 60, y: 60}
  m_Pivot: {x: 0.5, y: 0.5}
--- !u!222 &7600390048349909106
CanvasRenderer:
  m_ObjectHideFlags: 0
  m_CorrespondingSourceObject: {fileID: 0}
  m_PrefabInstance: {fileID: 0}
  m_PrefabAsset: {fileID: 0}
  m_GameObject: {fileID: 8272549820991617390}
  m_CullTransparentMesh: 1
--- !u!114 &8184633687945950932
MonoBehaviour:
  m_ObjectHideFlags: 0
  m_CorrespondingSourceObject: {fileID: 0}
  m_PrefabInstance: {fileID: 0}
  m_PrefabAsset: {fileID: 0}
  m_GameObject: {fileID: 8272549820991617390}
  m_Enabled: 1
  m_EditorHideFlags: 0
  m_Script: {fileID: 11500000, guid: fe87c0e1cc204ed48ad3b37840f39efc, type: 3}
  m_Name: 
  m_EditorClassIdentifier: 
  m_Material: {fileID: 0}
  m_Color: {r: 0, g: 0, b: 0, a: 1}
  m_RaycastTarget: 1
  m_RaycastPadding: {x: 0, y: 0, z: 0, w: 0}
  m_Maskable: 1
  m_OnCullStateChanged:
    m_PersistentCalls:
      m_Calls: []
  m_Sprite: {fileID: 0}
  m_Type: 0
  m_PreserveAspect: 0
  m_FillCenter: 1
  m_FillMethod: 4
  m_FillAmount: 1
  m_FillClockwise: 1
  m_FillOrigin: 0
  m_UseSpriteMesh: 0
  m_PixelsPerUnitMultiplier: 1
--- !u!1 &8713097607959992883
GameObject:
  m_ObjectHideFlags: 0
  m_CorrespondingSourceObject: {fileID: 0}
  m_PrefabInstance: {fileID: 0}
  m_PrefabAsset: {fileID: 0}
  serializedVersion: 6
  m_Component:
  - component: {fileID: 5939747229765319131}
  - component: {fileID: 337667422560318303}
  - component: {fileID: 8531359660494954014}
  m_Layer: 5
  m_Name: ScrapCounter
  m_TagString: Untagged
  m_Icon: {fileID: 0}
  m_NavMeshLayer: 0
  m_StaticEditorFlags: 0
  m_IsActive: 1
--- !u!224 &5939747229765319131
RectTransform:
  m_ObjectHideFlags: 0
  m_CorrespondingSourceObject: {fileID: 0}
  m_PrefabInstance: {fileID: 0}
  m_PrefabAsset: {fileID: 0}
  m_GameObject: {fileID: 8713097607959992883}
  m_LocalRotation: {x: -0, y: -0, z: -0, w: 1}
  m_LocalPosition: {x: 0, y: 0, z: 0}
  m_LocalScale: {x: 1, y: 1, z: 1}
  m_ConstrainProportionsScale: 0
  m_Children: []
  m_Father: {fileID: 5785691248546261009}
  m_LocalEulerAnglesHint: {x: 0, y: 0, z: 0}
  m_AnchorMin: {x: 0, y: 0}
  m_AnchorMax: {x: 0, y: 0}
  m_AnchoredPosition: {x: 124.5, y: 93}
  m_SizeDelta: {x: 199, y: 170}
  m_Pivot: {x: 0.5, y: 0.5}
--- !u!222 &337667422560318303
CanvasRenderer:
  m_ObjectHideFlags: 0
  m_CorrespondingSourceObject: {fileID: 0}
  m_PrefabInstance: {fileID: 0}
  m_PrefabAsset: {fileID: 0}
  m_GameObject: {fileID: 8713097607959992883}
  m_CullTransparentMesh: 1
--- !u!114 &8531359660494954014
MonoBehaviour:
  m_ObjectHideFlags: 0
  m_CorrespondingSourceObject: {fileID: 0}
  m_PrefabInstance: {fileID: 0}
  m_PrefabAsset: {fileID: 0}
  m_GameObject: {fileID: 8713097607959992883}
  m_Enabled: 1
  m_EditorHideFlags: 0
  m_Script: {fileID: 11500000, guid: f4688fdb7df04437aeb418b961361dc5, type: 3}
  m_Name: 
  m_EditorClassIdentifier: 
  m_Material: {fileID: 0}
  m_Color: {r: 1, g: 1, b: 1, a: 1}
  m_RaycastTarget: 1
  m_RaycastPadding: {x: 0, y: 0, z: 0, w: 0}
  m_Maskable: 1
  m_OnCullStateChanged:
    m_PersistentCalls:
      m_Calls: []
  m_text: 0 Scrap
  m_isRightToLeft: 0
  m_fontAsset: {fileID: 11400000, guid: 9df2065502838864b9dc57438dd7b20d, type: 2}
  m_sharedMaterial: {fileID: -5084937616103910868, guid: 9df2065502838864b9dc57438dd7b20d, type: 2}
  m_fontSharedMaterials: []
  m_fontMaterial: {fileID: 0}
  m_fontMaterials: []
  m_fontColor32:
    serializedVersion: 2
    rgba: 4294967295
  m_fontColor: {r: 1, g: 1, b: 1, a: 1}
  m_enableVertexGradient: 0
  m_colorMode: 3
  m_fontColorGradient:
    topLeft: {r: 1, g: 1, b: 1, a: 1}
    topRight: {r: 1, g: 1, b: 1, a: 1}
    bottomLeft: {r: 1, g: 1, b: 1, a: 1}
    bottomRight: {r: 1, g: 1, b: 1, a: 1}
  m_fontColorGradientPreset: {fileID: 0}
  m_spriteAsset: {fileID: 0}
  m_tintAllSprites: 0
  m_StyleSheet: {fileID: 0}
  m_TextStyleHashCode: -1183493901
  m_overrideHtmlColors: 0
  m_faceColor:
    serializedVersion: 2
    rgba: 4294967295
  m_fontSize: 26
  m_fontSizeBase: 26
  m_fontWeight: 400
  m_enableAutoSizing: 0
  m_fontSizeMin: 18
  m_fontSizeMax: 72
  m_fontStyle: 0
  m_HorizontalAlignment: 1
  m_VerticalAlignment: 256
  m_textAlignment: 65535
  m_characterSpacing: 0
  m_wordSpacing: 0
  m_lineSpacing: 0
  m_lineSpacingMax: 0
  m_paragraphSpacing: 0
  m_charWidthMaxAdj: 0
  m_enableWordWrapping: 1
  m_wordWrappingRatios: 0.4
  m_overflowMode: 0
  m_linkedTextComponent: {fileID: 0}
  parentLinkedComponent: {fileID: 0}
  m_enableKerning: 1
  m_enableExtraPadding: 0
  checkPaddingRequired: 0
  m_isRichText: 1
  m_parseCtrlCharacters: 1
  m_isOrthographic: 1
  m_isCullingEnabled: 0
  m_horizontalMapping: 0
  m_verticalMapping: 0
  m_uvLineOffset: 0
  m_geometrySortingOrder: 0
  m_IsTextObjectScaleStatic: 0
  m_VertexBufferAutoSizeReduction: 0
  m_useMaxVisibleDescender: 1
  m_pageToDisplay: 1
  m_margin: {x: 0, y: 127.70967, z: -62.30362, w: 0}
  m_isUsingLegacyAnimationComponent: 0
  m_isVolumetricText: 0
  m_hasFontAssetChanged: 0
  m_baseMaterial: {fileID: 0}
  m_maskOffset: {x: 0, y: 0, z: 0, w: 0}
--- !u!1 &9014085800408908142
GameObject:
  m_ObjectHideFlags: 0
  m_CorrespondingSourceObject: {fileID: 0}
  m_PrefabInstance: {fileID: 0}
  m_PrefabAsset: {fileID: 0}
  serializedVersion: 6
  m_Component:
  - component: {fileID: 2652601242315974403}
  - component: {fileID: 2710060189870930894}
  - component: {fileID: 201914262147928150}
  m_Layer: 5
  m_Name: Fill
  m_TagString: Energy
  m_Icon: {fileID: 0}
  m_NavMeshLayer: 0
  m_StaticEditorFlags: 0
  m_IsActive: 1
--- !u!224 &2652601242315974403
RectTransform:
  m_ObjectHideFlags: 0
  m_CorrespondingSourceObject: {fileID: 0}
  m_PrefabInstance: {fileID: 0}
  m_PrefabAsset: {fileID: 0}
  m_GameObject: {fileID: 9014085800408908142}
  m_LocalRotation: {x: -0, y: -0, z: -0, w: 1}
  m_LocalPosition: {x: 0, y: 0, z: 0}
  m_LocalScale: {x: 1, y: 1, z: 0}
  m_ConstrainProportionsScale: 0
  m_Children: []
  m_Father: {fileID: 6225859530795017538}
  m_LocalEulerAnglesHint: {x: 0, y: 0, z: 0}
  m_AnchorMin: {x: 0, y: 0}
  m_AnchorMax: {x: 1, y: 1}
  m_AnchoredPosition: {x: 0, y: -0.000091552734}
  m_SizeDelta: {x: 0, y: -0.00010681152}
  m_Pivot: {x: 1, y: 1}
--- !u!222 &2710060189870930894
CanvasRenderer:
  m_ObjectHideFlags: 0
  m_CorrespondingSourceObject: {fileID: 0}
  m_PrefabInstance: {fileID: 0}
  m_PrefabAsset: {fileID: 0}
  m_GameObject: {fileID: 9014085800408908142}
  m_CullTransparentMesh: 1
--- !u!114 &201914262147928150
MonoBehaviour:
  m_ObjectHideFlags: 0
  m_CorrespondingSourceObject: {fileID: 0}
  m_PrefabInstance: {fileID: 0}
  m_PrefabAsset: {fileID: 0}
  m_GameObject: {fileID: 9014085800408908142}
  m_Enabled: 1
  m_EditorHideFlags: 0
  m_Script: {fileID: 11500000, guid: fe87c0e1cc204ed48ad3b37840f39efc, type: 3}
  m_Name: 
  m_EditorClassIdentifier: 
  m_Material: {fileID: 0}
  m_Color: {r: 1, g: 0.9147999, b: 0, a: 1}
  m_RaycastTarget: 1
  m_RaycastPadding: {x: 0, y: 0, z: 0, w: 0}
  m_Maskable: 1
  m_OnCullStateChanged:
    m_PersistentCalls:
      m_Calls: []
  m_Sprite: {fileID: 0}
  m_Type: 0
  m_PreserveAspect: 0
  m_FillCenter: 1
  m_FillMethod: 4
  m_FillAmount: 1
  m_FillClockwise: 1
  m_FillOrigin: 0
  m_UseSpriteMesh: 0
  m_PixelsPerUnitMultiplier: 1
--- !u!1 &9056574045458703678
GameObject:
  m_ObjectHideFlags: 0
  m_CorrespondingSourceObject: {fileID: 0}
  m_PrefabInstance: {fileID: 0}
  m_PrefabAsset: {fileID: 0}
  serializedVersion: 6
  m_Component:
  - component: {fileID: 3973915207029583499}
  - component: {fileID: 8970066880978743721}
  - component: {fileID: 174803982794739899}
  m_Layer: 5
  m_Name: R
  m_TagString: Untagged
  m_Icon: {fileID: 0}
  m_NavMeshLayer: 0
  m_StaticEditorFlags: 0
  m_IsActive: 1
--- !u!224 &3973915207029583499
RectTransform:
  m_ObjectHideFlags: 0
  m_CorrespondingSourceObject: {fileID: 0}
  m_PrefabInstance: {fileID: 0}
  m_PrefabAsset: {fileID: 0}
  m_GameObject: {fileID: 9056574045458703678}
  m_LocalRotation: {x: -0, y: -0, z: -0, w: 1}
  m_LocalPosition: {x: 0, y: 0, z: 0}
  m_LocalScale: {x: 0.0025, y: 0.014285713, z: 0}
  m_ConstrainProportionsScale: 0
  m_Children: []
  m_Father: {fileID: 8106564739226111755}
  m_LocalEulerAnglesHint: {x: 0, y: 0, z: 0}
  m_AnchorMin: {x: 0.5, y: 0.5}
  m_AnchorMax: {x: 0.5, y: 0.5}
  m_AnchoredPosition: {x: -0.04, y: -0.2310005}
  m_SizeDelta: {x: 60, y: 60}
  m_Pivot: {x: 0.5, y: 0.5}
--- !u!222 &8970066880978743721
CanvasRenderer:
  m_ObjectHideFlags: 0
  m_CorrespondingSourceObject: {fileID: 0}
  m_PrefabInstance: {fileID: 0}
  m_PrefabAsset: {fileID: 0}
  m_GameObject: {fileID: 9056574045458703678}
  m_CullTransparentMesh: 1
--- !u!114 &174803982794739899
MonoBehaviour:
  m_ObjectHideFlags: 0
  m_CorrespondingSourceObject: {fileID: 0}
  m_PrefabInstance: {fileID: 0}
  m_PrefabAsset: {fileID: 0}
  m_GameObject: {fileID: 9056574045458703678}
  m_Enabled: 1
  m_EditorHideFlags: 0
  m_Script: {fileID: 11500000, guid: f4688fdb7df04437aeb418b961361dc5, type: 3}
  m_Name: 
  m_EditorClassIdentifier: 
  m_Material: {fileID: 0}
  m_Color: {r: 1, g: 1, b: 1, a: 1}
  m_RaycastTarget: 1
  m_RaycastPadding: {x: 0, y: 0, z: 0, w: 0}
  m_Maskable: 1
  m_OnCullStateChanged:
    m_PersistentCalls:
      m_Calls: []
  m_text: R
  m_isRightToLeft: 0
  m_fontAsset: {fileID: 11400000, guid: 9df2065502838864b9dc57438dd7b20d, type: 2}
  m_sharedMaterial: {fileID: -5084937616103910868, guid: 9df2065502838864b9dc57438dd7b20d, type: 2}
  m_fontSharedMaterials: []
  m_fontMaterial: {fileID: 0}
  m_fontMaterials: []
  m_fontColor32:
    serializedVersion: 2
    rgba: 4287397502
  m_fontColor: {r: 0.49296904, g: 0.49296904, b: 0.5471698, a: 1}
  m_enableVertexGradient: 0
  m_colorMode: 3
  m_fontColorGradient:
    topLeft: {r: 1, g: 1, b: 1, a: 1}
    topRight: {r: 1, g: 1, b: 1, a: 1}
    bottomLeft: {r: 1, g: 1, b: 1, a: 1}
    bottomRight: {r: 1, g: 1, b: 1, a: 1}
  m_fontColorGradientPreset: {fileID: 0}
  m_spriteAsset: {fileID: 0}
  m_tintAllSprites: 0
  m_StyleSheet: {fileID: 0}
  m_TextStyleHashCode: -1183493901
  m_overrideHtmlColors: 0
  m_faceColor:
    serializedVersion: 2
    rgba: 4294967295
  m_fontSize: 26
  m_fontSizeBase: 26
  m_fontWeight: 400
  m_enableAutoSizing: 0
  m_fontSizeMin: 18
  m_fontSizeMax: 72
  m_fontStyle: 0
  m_HorizontalAlignment: 2
  m_VerticalAlignment: 512
  m_textAlignment: 65535
  m_characterSpacing: 0
  m_wordSpacing: 0
  m_lineSpacing: 0
  m_lineSpacingMax: 0
  m_paragraphSpacing: 0
  m_charWidthMaxAdj: 0
  m_enableWordWrapping: 1
  m_wordWrappingRatios: 0.4
  m_overflowMode: 0
  m_linkedTextComponent: {fileID: 0}
  parentLinkedComponent: {fileID: 0}
  m_enableKerning: 1
  m_enableExtraPadding: 0
  checkPaddingRequired: 0
  m_isRichText: 1
  m_parseCtrlCharacters: 1
  m_isOrthographic: 1
  m_isCullingEnabled: 0
  m_horizontalMapping: 0
  m_verticalMapping: 0
  m_uvLineOffset: 0
  m_geometrySortingOrder: 0
  m_IsTextObjectScaleStatic: 0
  m_VertexBufferAutoSizeReduction: 0
  m_useMaxVisibleDescender: 1
  m_pageToDisplay: 1
  m_margin: {x: 0, y: 0, z: 0, w: 0}
  m_isUsingLegacyAnimationComponent: 0
  m_isVolumetricText: 0
  m_hasFontAssetChanged: 0
  m_baseMaterial: {fileID: 0}
  m_maskOffset: {x: 0, y: 0, z: 0, w: 0}
