%YAML 1.1
%TAG !u! tag:unity3d.com,2011:
--- !u!1 &1399880457772824445
GameObject:
  m_ObjectHideFlags: 0
  m_CorrespondingSourceObject: {fileID: 0}
  m_PrefabInstance: {fileID: 0}
  m_PrefabAsset: {fileID: 0}
  serializedVersion: 6
  m_Component:
  - component: {fileID: 7753835139204566700}
  - component: {fileID: 5102830338721859088}
  - component: {fileID: 723973495258280525}
  m_Layer: 0
  m_Name: NavMesh
  m_TagString: Untagged
  m_Icon: {fileID: 0}
  m_NavMeshLayer: 0
  m_StaticEditorFlags: 0
  m_IsActive: 1
--- !u!4 &7753835139204566700
Transform:
  m_ObjectHideFlags: 0
  m_CorrespondingSourceObject: {fileID: 0}
  m_PrefabInstance: {fileID: 0}
  m_PrefabAsset: {fileID: 0}
  m_GameObject: {fileID: 1399880457772824445}
  serializedVersion: 2
  m_LocalRotation: {x: -0.7071068, y: -0, z: -0, w: 0.7071068}
  m_LocalPosition: {x: 0, y: 0, z: 0}
  m_LocalScale: {x: 1, y: 1, z: 1}
  m_ConstrainProportionsScale: 0
  m_Children: []
  m_Father: {fileID: 8979945256680203451}
  m_LocalEulerAnglesHint: {x: 0, y: 0, z: 0}
--- !u!114 &5102830338721859088
MonoBehaviour:
  m_ObjectHideFlags: 0
  m_CorrespondingSourceObject: {fileID: 0}
  m_PrefabInstance: {fileID: 0}
  m_PrefabAsset: {fileID: 0}
  m_GameObject: {fileID: 1399880457772824445}
  m_Enabled: 1
  m_EditorHideFlags: 0
  m_Script: {fileID: 11500000, guid: e04976799df50f54ba128eff723155a7, type: 3}
  m_Name: 
  m_EditorClassIdentifier: 
  m_AgentTypeID: 0
  m_CollectObjects: 0
  m_Size: {x: 64.37, y: 10, z: 50.01}
  m_Center: {x: 0, y: 2, z: 0}
  m_LayerMask:
    serializedVersion: 2
    m_Bits: 1
  m_UseGeometry: 0
  m_DefaultArea: 0
  m_IgnoreNavMeshAgent: 1
  m_IgnoreNavMeshObstacle: 1
  m_OverrideTileSize: 0
  m_TileSize: 256
  m_OverrideVoxelSize: 0
  m_VoxelSize: 0.16666667
  m_BuildHeightMesh: 0
  m_HideEditorLogs: 0
  m_NavMeshData: {fileID: 23800000, guid: 96b2181ac7bad8748a1b436189985dbd, type: 2}
--- !u!114 &723973495258280525
MonoBehaviour:
  m_ObjectHideFlags: 0
  m_CorrespondingSourceObject: {fileID: 0}
  m_PrefabInstance: {fileID: 0}
  m_PrefabAsset: {fileID: 0}
  m_GameObject: {fileID: 1399880457772824445}
  m_Enabled: 1
  m_EditorHideFlags: 0
  m_Script: {fileID: 11500000, guid: 70bd44a44cd62c64fbfc1eea95b24880, type: 3}
  m_Name: 
  m_EditorClassIdentifier: 
  m_OverrideByGrid: 0
  m_UseMeshPrefab: {fileID: 0}
  m_CompressBounds: 0
  m_OverrideVector: {x: 1, y: 1, z: 1}
--- !u!1 &1682871029054105344
GameObject:
  m_ObjectHideFlags: 0
  m_CorrespondingSourceObject: {fileID: 0}
  m_PrefabInstance: {fileID: 0}
  m_PrefabAsset: {fileID: 0}
  serializedVersion: 6
  m_Component:
  - component: {fileID: 1947367715270546190}
  - component: {fileID: 5929564762349522450}
  - component: {fileID: 2066671313178108324}
  m_Layer: 0
  m_Name: Walkable
  m_TagString: Untagged
  m_Icon: {fileID: 0}
  m_NavMeshLayer: 0
  m_StaticEditorFlags: 0
  m_IsActive: 1
--- !u!4 &1947367715270546190
Transform:
  m_ObjectHideFlags: 0
  m_CorrespondingSourceObject: {fileID: 0}
  m_PrefabInstance: {fileID: 0}
  m_PrefabAsset: {fileID: 0}
  m_GameObject: {fileID: 1682871029054105344}
  serializedVersion: 2
  m_LocalRotation: {x: 0, y: 0, z: 0, w: 1}
  m_LocalPosition: {x: 0, y: 0, z: 0}
  m_LocalScale: {x: 3, y: 3, z: 3}
  m_ConstrainProportionsScale: 0
  m_Children: []
  m_Father: {fileID: 8979945256680203451}
  m_LocalEulerAnglesHint: {x: 0, y: 0, z: 0}
--- !u!212 &5929564762349522450
SpriteRenderer:
  m_ObjectHideFlags: 0
  m_CorrespondingSourceObject: {fileID: 0}
  m_PrefabInstance: {fileID: 0}
  m_PrefabAsset: {fileID: 0}
  m_GameObject: {fileID: 1682871029054105344}
  m_Enabled: 1
  m_CastShadows: 0
  m_ReceiveShadows: 0
  m_DynamicOccludee: 1
  m_StaticShadowCaster: 0
  m_MotionVectors: 1
  m_LightProbeUsage: 1
  m_ReflectionProbeUsage: 1
  m_RayTracingMode: 0
  m_RayTraceProcedural: 0
  m_RenderingLayerMask: 1
  m_RendererPriority: 0
  m_Materials:
  - {fileID: 2100000, guid: a97c105638bdf8b4a8650670310a4cd3, type: 2}
  m_StaticBatchInfo:
    firstSubMesh: 0
    subMeshCount: 0
  m_StaticBatchRoot: {fileID: 0}
  m_ProbeAnchor: {fileID: 0}
  m_LightProbeVolumeOverride: {fileID: 0}
  m_ScaleInLightmap: 1
  m_ReceiveGI: 1
  m_PreserveUVs: 0
  m_IgnoreNormalsForChartDetection: 0
  m_ImportantGI: 0
  m_StitchLightmapSeams: 1
  m_SelectedEditorRenderState: 0
  m_MinimumChartSize: 4
  m_AutoUVMaxDistance: 0.5
  m_AutoUVMaxAngle: 89
  m_LightmapParameters: {fileID: 0}
  m_SortingLayerID: 0
  m_SortingLayer: 0
  m_SortingOrder: -10
  m_Sprite: {fileID: 21300000, guid: 895c53c4a066a4847bea9bdbe772a3be, type: 3}
  m_Color: {r: 1, g: 1, b: 1, a: 1}
  m_FlipX: 0
  m_FlipY: 0
  m_DrawMode: 2
  m_Size: {x: 67.61, y: 30.34}
  m_AdaptiveModeThreshold: 0.5
  m_SpriteTileMode: 0
  m_WasSpriteAssigned: 1
  m_MaskInteraction: 0
  m_SpriteSortPoint: 0
--- !u!114 &2066671313178108324
MonoBehaviour:
  m_ObjectHideFlags: 0
  m_CorrespondingSourceObject: {fileID: 0}
  m_PrefabInstance: {fileID: 0}
  m_PrefabAsset: {fileID: 0}
  m_GameObject: {fileID: 1682871029054105344}
  m_Enabled: 1
  m_EditorHideFlags: 0
  m_Script: {fileID: 11500000, guid: 9809bf1345abc5648af68b3a82653f08, type: 3}
  m_Name: 
  m_EditorClassIdentifier: 
  m_OverrideArea: 1
  m_Area: 0
  m_IgnoreFromBuild: 0
  m_AffectedAgents: ffffffff
--- !u!1 &6866235357716317979
GameObject:
  m_ObjectHideFlags: 0
  m_CorrespondingSourceObject: {fileID: 0}
  m_PrefabInstance: {fileID: 0}
  m_PrefabAsset: {fileID: 0}
  serializedVersion: 6
  m_Component:
  - component: {fileID: 8979945256680203451}
  m_Layer: 0
  m_Name: World
  m_TagString: Untagged
  m_Icon: {fileID: 0}
  m_NavMeshLayer: 0
  m_StaticEditorFlags: 0
  m_IsActive: 1
--- !u!4 &8979945256680203451
Transform:
  m_ObjectHideFlags: 0
  m_CorrespondingSourceObject: {fileID: 0}
  m_PrefabInstance: {fileID: 0}
  m_PrefabAsset: {fileID: 0}
  m_GameObject: {fileID: 6866235357716317979}
  serializedVersion: 2
  m_LocalRotation: {x: 0, y: 0, z: 0, w: 1}
  m_LocalPosition: {x: 0, y: 0, z: 0}
  m_LocalScale: {x: 1, y: 1, z: 1}
  m_ConstrainProportionsScale: 0
  m_Children:
  - {fileID: 1596030413744150071}
  - {fileID: 4544360942358740486}
  - {fileID: 5392294791027519633}
  - {fileID: 8416640094811931260}
  - {fileID: 4240765708068222207}
  - {fileID: 6928048677435895337}
  - {fileID: 4303850847396095599}
  - {fileID: 3198104750157581286}
  - {fileID: 349594130812800573}
  - {fileID: 4755856499412344562}
  - {fileID: 7492551017977834060}
  - {fileID: 6848244444334106552}
  - {fileID: 3679621010108947892}
  - {fileID: 6641462388069134777}
  - {fileID: 4211100892985513999}
  - {fileID: 5916082965285333132}
  - {fileID: 6090550179901444171}
  - {fileID: 5330189270300009959}
  - {fileID: 2143277162661580475}
  - {fileID: 3558661186222086960}
  - {fileID: 382592928449228791}
  - {fileID: 2933436906838362169}
  - {fileID: 278458209960455149}
  - {fileID: 1742656711961487938}
  - {fileID: 8236303563236360858}
  - {fileID: 4968494009304200017}
  - {fileID: 8734848168963377362}
  - {fileID: 5570444014550246702}
  - {fileID: 6013446101134725118}
  - {fileID: 1654670545792400770}
  - {fileID: 1947367715270546190}
  - {fileID: 7753835139204566700}
  m_Father: {fileID: 0}
  m_LocalEulerAnglesHint: {x: 0, y: 0, z: 0}
--- !u!1001 &11831397779224626
PrefabInstance:
  m_ObjectHideFlags: 0
  serializedVersion: 2
  m_Modification:
    serializedVersion: 3
    m_TransformParent: {fileID: 8979945256680203451}
    m_Modifications:
    - target: {fileID: 4767687881083266752, guid: 5efe5cfbea51211419348394072fc1da, type: 3}
      propertyPath: m_LocalPosition.x
      value: 5.1
      objectReference: {fileID: 0}
    - target: {fileID: 4767687881083266752, guid: 5efe5cfbea51211419348394072fc1da, type: 3}
      propertyPath: m_LocalPosition.y
      value: -4.494
      objectReference: {fileID: 0}
    - target: {fileID: 4767687881083266752, guid: 5efe5cfbea51211419348394072fc1da, type: 3}
      propertyPath: m_LocalPosition.z
      value: 0
      objectReference: {fileID: 0}
    - target: {fileID: 4767687881083266752, guid: 5efe5cfbea51211419348394072fc1da, type: 3}
      propertyPath: m_LocalRotation.w
      value: 0.7071068
      objectReference: {fileID: 0}
    - target: {fileID: 4767687881083266752, guid: 5efe5cfbea51211419348394072fc1da, type: 3}
      propertyPath: m_LocalRotation.x
      value: 0
      objectReference: {fileID: 0}
    - target: {fileID: 4767687881083266752, guid: 5efe5cfbea51211419348394072fc1da, type: 3}
      propertyPath: m_LocalRotation.y
      value: 0
      objectReference: {fileID: 0}
    - target: {fileID: 4767687881083266752, guid: 5efe5cfbea51211419348394072fc1da, type: 3}
      propertyPath: m_LocalRotation.z
      value: 0.7071068
      objectReference: {fileID: 0}
    - target: {fileID: 4767687881083266752, guid: 5efe5cfbea51211419348394072fc1da, type: 3}
      propertyPath: m_LocalEulerAnglesHint.x
      value: 0
      objectReference: {fileID: 0}
    - target: {fileID: 4767687881083266752, guid: 5efe5cfbea51211419348394072fc1da, type: 3}
      propertyPath: m_LocalEulerAnglesHint.y
      value: 0
      objectReference: {fileID: 0}
    - target: {fileID: 4767687881083266752, guid: 5efe5cfbea51211419348394072fc1da, type: 3}
      propertyPath: m_LocalEulerAnglesHint.z
      value: 90
      objectReference: {fileID: 0}
    - target: {fileID: 6021701430724679974, guid: 5efe5cfbea51211419348394072fc1da, type: 3}
      propertyPath: m_Name
      value: Wall (2)
      objectReference: {fileID: 0}
    m_RemovedComponents: []
    m_RemovedGameObjects: []
    m_AddedGameObjects: []
    m_AddedComponents: []
  m_SourcePrefab: {fileID: 100100000, guid: 5efe5cfbea51211419348394072fc1da, type: 3}
--- !u!4 &4755856499412344562 stripped
Transform:
  m_CorrespondingSourceObject: {fileID: 4767687881083266752, guid: 5efe5cfbea51211419348394072fc1da, type: 3}
  m_PrefabInstance: {fileID: 11831397779224626}
  m_PrefabAsset: {fileID: 0}
--- !u!1001 &493592915547559313
PrefabInstance:
  m_ObjectHideFlags: 0
  serializedVersion: 2
  m_Modification:
    serializedVersion: 3
    m_TransformParent: {fileID: 8979945256680203451}
    m_Modifications:
    - target: {fileID: 4767687881083266752, guid: 5efe5cfbea51211419348394072fc1da, type: 3}
      propertyPath: m_LocalPosition.x
      value: 6.7650013
      objectReference: {fileID: 0}
    - target: {fileID: 4767687881083266752, guid: 5efe5cfbea51211419348394072fc1da, type: 3}
      propertyPath: m_LocalPosition.y
      value: 8.639999
      objectReference: {fileID: 0}
    - target: {fileID: 4767687881083266752, guid: 5efe5cfbea51211419348394072fc1da, type: 3}
      propertyPath: m_LocalPosition.z
      value: 0
      objectReference: {fileID: 0}
    - target: {fileID: 4767687881083266752, guid: 5efe5cfbea51211419348394072fc1da, type: 3}
      propertyPath: m_LocalRotation.w
      value: 0.7071068
      objectReference: {fileID: 0}
    - target: {fileID: 4767687881083266752, guid: 5efe5cfbea51211419348394072fc1da, type: 3}
      propertyPath: m_LocalRotation.x
      value: -0
      objectReference: {fileID: 0}
    - target: {fileID: 4767687881083266752, guid: 5efe5cfbea51211419348394072fc1da, type: 3}
      propertyPath: m_LocalRotation.y
      value: -0
      objectReference: {fileID: 0}
    - target: {fileID: 4767687881083266752, guid: 5efe5cfbea51211419348394072fc1da, type: 3}
      propertyPath: m_LocalRotation.z
      value: 0.7071068
      objectReference: {fileID: 0}
    - target: {fileID: 4767687881083266752, guid: 5efe5cfbea51211419348394072fc1da, type: 3}
      propertyPath: m_LocalEulerAnglesHint.x
      value: 0
      objectReference: {fileID: 0}
    - target: {fileID: 4767687881083266752, guid: 5efe5cfbea51211419348394072fc1da, type: 3}
      propertyPath: m_LocalEulerAnglesHint.y
      value: 0
      objectReference: {fileID: 0}
    - target: {fileID: 4767687881083266752, guid: 5efe5cfbea51211419348394072fc1da, type: 3}
      propertyPath: m_LocalEulerAnglesHint.z
      value: 0
      objectReference: {fileID: 0}
    - target: {fileID: 6021701430724679974, guid: 5efe5cfbea51211419348394072fc1da, type: 3}
      propertyPath: m_Name
      value: Wall (1)
      objectReference: {fileID: 0}
    m_RemovedComponents: []
    m_RemovedGameObjects: []
    m_AddedGameObjects: []
    m_AddedComponents: []
  m_SourcePrefab: {fileID: 100100000, guid: 5efe5cfbea51211419348394072fc1da, type: 3}
--- !u!4 &4968494009304200017 stripped
Transform:
  m_CorrespondingSourceObject: {fileID: 4767687881083266752, guid: 5efe5cfbea51211419348394072fc1da, type: 3}
  m_PrefabInstance: {fileID: 493592915547559313}
  m_PrefabAsset: {fileID: 0}
--- !u!1001 &648374674862200401
PrefabInstance:
  m_ObjectHideFlags: 0
  serializedVersion: 2
  m_Modification:
    serializedVersion: 3
    m_TransformParent: {fileID: 8979945256680203451}
    m_Modifications:
    - target: {fileID: 4767687881083266752, guid: 5efe5cfbea51211419348394072fc1da, type: 3}
      propertyPath: m_LocalPosition.x
      value: -3.03
      objectReference: {fileID: 0}
    - target: {fileID: 4767687881083266752, guid: 5efe5cfbea51211419348394072fc1da, type: 3}
      propertyPath: m_LocalPosition.y
      value: 0.33000016
      objectReference: {fileID: 0}
    - target: {fileID: 4767687881083266752, guid: 5efe5cfbea51211419348394072fc1da, type: 3}
      propertyPath: m_LocalPosition.z
      value: 0
      objectReference: {fileID: 0}
    - target: {fileID: 4767687881083266752, guid: 5efe5cfbea51211419348394072fc1da, type: 3}
      propertyPath: m_LocalRotation.w
      value: 1
      objectReference: {fileID: 0}
    - target: {fileID: 4767687881083266752, guid: 5efe5cfbea51211419348394072fc1da, type: 3}
      propertyPath: m_LocalRotation.x
      value: 0
      objectReference: {fileID: 0}
    - target: {fileID: 4767687881083266752, guid: 5efe5cfbea51211419348394072fc1da, type: 3}
      propertyPath: m_LocalRotation.y
      value: 0
      objectReference: {fileID: 0}
    - target: {fileID: 4767687881083266752, guid: 5efe5cfbea51211419348394072fc1da, type: 3}
      propertyPath: m_LocalRotation.z
      value: 0
      objectReference: {fileID: 0}
    - target: {fileID: 4767687881083266752, guid: 5efe5cfbea51211419348394072fc1da, type: 3}
      propertyPath: m_LocalEulerAnglesHint.x
      value: 0
      objectReference: {fileID: 0}
    - target: {fileID: 4767687881083266752, guid: 5efe5cfbea51211419348394072fc1da, type: 3}
      propertyPath: m_LocalEulerAnglesHint.y
      value: 0
      objectReference: {fileID: 0}
    - target: {fileID: 4767687881083266752, guid: 5efe5cfbea51211419348394072fc1da, type: 3}
      propertyPath: m_LocalEulerAnglesHint.z
      value: 0
      objectReference: {fileID: 0}
    - target: {fileID: 6021701430724679974, guid: 5efe5cfbea51211419348394072fc1da, type: 3}
      propertyPath: m_Name
      value: Wall (4)
      objectReference: {fileID: 0}
    m_RemovedComponents: []
    m_RemovedGameObjects: []
    m_AddedGameObjects: []
    m_AddedComponents: []
  m_SourcePrefab: {fileID: 100100000, guid: 5efe5cfbea51211419348394072fc1da, type: 3}
--- !u!4 &5392294791027519633 stripped
Transform:
  m_CorrespondingSourceObject: {fileID: 4767687881083266752, guid: 5efe5cfbea51211419348394072fc1da, type: 3}
  m_PrefabInstance: {fileID: 648374674862200401}
  m_PrefabAsset: {fileID: 0}
--- !u!1001 &851910648197776167
PrefabInstance:
  m_ObjectHideFlags: 0
  serializedVersion: 2
  m_Modification:
    serializedVersion: 3
    m_TransformParent: {fileID: 8979945256680203451}
    m_Modifications:
    - target: {fileID: 4767687881083266752, guid: 5efe5cfbea51211419348394072fc1da, type: 3}
      propertyPath: m_LocalPosition.x
      value: 8.699999
      objectReference: {fileID: 0}
    - target: {fileID: 4767687881083266752, guid: 5efe5cfbea51211419348394072fc1da, type: 3}
      propertyPath: m_LocalPosition.y
      value: 1.004
      objectReference: {fileID: 0}
    - target: {fileID: 4767687881083266752, guid: 5efe5cfbea51211419348394072fc1da, type: 3}
      propertyPath: m_LocalPosition.z
      value: 0
      objectReference: {fileID: 0}
    - target: {fileID: 4767687881083266752, guid: 5efe5cfbea51211419348394072fc1da, type: 3}
      propertyPath: m_LocalRotation.w
      value: 1
      objectReference: {fileID: 0}
    - target: {fileID: 4767687881083266752, guid: 5efe5cfbea51211419348394072fc1da, type: 3}
      propertyPath: m_LocalRotation.x
      value: -0
      objectReference: {fileID: 0}
    - target: {fileID: 4767687881083266752, guid: 5efe5cfbea51211419348394072fc1da, type: 3}
      propertyPath: m_LocalRotation.y
      value: -0
      objectReference: {fileID: 0}
    - target: {fileID: 4767687881083266752, guid: 5efe5cfbea51211419348394072fc1da, type: 3}
      propertyPath: m_LocalRotation.z
      value: -0
      objectReference: {fileID: 0}
    - target: {fileID: 4767687881083266752, guid: 5efe5cfbea51211419348394072fc1da, type: 3}
      propertyPath: m_LocalEulerAnglesHint.x
      value: 0
      objectReference: {fileID: 0}
    - target: {fileID: 4767687881083266752, guid: 5efe5cfbea51211419348394072fc1da, type: 3}
      propertyPath: m_LocalEulerAnglesHint.y
      value: 0
      objectReference: {fileID: 0}
    - target: {fileID: 4767687881083266752, guid: 5efe5cfbea51211419348394072fc1da, type: 3}
      propertyPath: m_LocalEulerAnglesHint.z
      value: 0
      objectReference: {fileID: 0}
    - target: {fileID: 6021701430724679974, guid: 5efe5cfbea51211419348394072fc1da, type: 3}
      propertyPath: m_Name
      value: Wall (2)
      objectReference: {fileID: 0}
    m_RemovedComponents: []
    m_RemovedGameObjects: []
    m_AddedGameObjects: []
    m_AddedComponents: []
  m_SourcePrefab: {fileID: 100100000, guid: 5efe5cfbea51211419348394072fc1da, type: 3}
--- !u!4 &5330189270300009959 stripped
Transform:
  m_CorrespondingSourceObject: {fileID: 4767687881083266752, guid: 5efe5cfbea51211419348394072fc1da, type: 3}
  m_PrefabInstance: {fileID: 851910648197776167}
  m_PrefabAsset: {fileID: 0}
--- !u!1001 &1109024118383100910
PrefabInstance:
  m_ObjectHideFlags: 0
  serializedVersion: 2
  m_Modification:
    serializedVersion: 3
    m_TransformParent: {fileID: 8979945256680203451}
    m_Modifications:
    - target: {fileID: 4767687881083266752, guid: 5efe5cfbea51211419348394072fc1da, type: 3}
      propertyPath: m_LocalPosition.x
      value: 0.32600087
      objectReference: {fileID: 0}
    - target: {fileID: 4767687881083266752, guid: 5efe5cfbea51211419348394072fc1da, type: 3}
      propertyPath: m_LocalPosition.y
      value: 8.639998
      objectReference: {fileID: 0}
    - target: {fileID: 4767687881083266752, guid: 5efe5cfbea51211419348394072fc1da, type: 3}
      propertyPath: m_LocalPosition.z
      value: 0
      objectReference: {fileID: 0}
    - target: {fileID: 4767687881083266752, guid: 5efe5cfbea51211419348394072fc1da, type: 3}
      propertyPath: m_LocalRotation.w
      value: 0.7071068
      objectReference: {fileID: 0}
    - target: {fileID: 4767687881083266752, guid: 5efe5cfbea51211419348394072fc1da, type: 3}
      propertyPath: m_LocalRotation.x
      value: -0
      objectReference: {fileID: 0}
    - target: {fileID: 4767687881083266752, guid: 5efe5cfbea51211419348394072fc1da, type: 3}
      propertyPath: m_LocalRotation.y
      value: -0
      objectReference: {fileID: 0}
    - target: {fileID: 4767687881083266752, guid: 5efe5cfbea51211419348394072fc1da, type: 3}
      propertyPath: m_LocalRotation.z
      value: 0.7071068
      objectReference: {fileID: 0}
    - target: {fileID: 4767687881083266752, guid: 5efe5cfbea51211419348394072fc1da, type: 3}
      propertyPath: m_LocalEulerAnglesHint.x
      value: 0
      objectReference: {fileID: 0}
    - target: {fileID: 4767687881083266752, guid: 5efe5cfbea51211419348394072fc1da, type: 3}
      propertyPath: m_LocalEulerAnglesHint.y
      value: 0
      objectReference: {fileID: 0}
    - target: {fileID: 4767687881083266752, guid: 5efe5cfbea51211419348394072fc1da, type: 3}
      propertyPath: m_LocalEulerAnglesHint.z
      value: 0
      objectReference: {fileID: 0}
    - target: {fileID: 6021701430724679974, guid: 5efe5cfbea51211419348394072fc1da, type: 3}
      propertyPath: m_Name
      value: Wall (2)
      objectReference: {fileID: 0}
    m_RemovedComponents: []
    m_RemovedGameObjects: []
    m_AddedGameObjects: []
    m_AddedComponents: []
  m_SourcePrefab: {fileID: 100100000, guid: 5efe5cfbea51211419348394072fc1da, type: 3}
--- !u!4 &5570444014550246702 stripped
Transform:
  m_CorrespondingSourceObject: {fileID: 4767687881083266752, guid: 5efe5cfbea51211419348394072fc1da, type: 3}
  m_PrefabInstance: {fileID: 1109024118383100910}
  m_PrefabAsset: {fileID: 0}
--- !u!1001 &1166463925730233932
PrefabInstance:
  m_ObjectHideFlags: 0
  serializedVersion: 2
  m_Modification:
    serializedVersion: 3
    m_TransformParent: {fileID: 8979945256680203451}
    m_Modifications:
    - target: {fileID: 4767687881083266752, guid: 5efe5cfbea51211419348394072fc1da, type: 3}
      propertyPath: m_LocalPosition.x
      value: 8.699999
      objectReference: {fileID: 0}
    - target: {fileID: 4767687881083266752, guid: 5efe5cfbea51211419348394072fc1da, type: 3}
      propertyPath: m_LocalPosition.y
      value: -5.435
      objectReference: {fileID: 0}
    - target: {fileID: 4767687881083266752, guid: 5efe5cfbea51211419348394072fc1da, type: 3}
      propertyPath: m_LocalPosition.z
      value: 0
      objectReference: {fileID: 0}
    - target: {fileID: 4767687881083266752, guid: 5efe5cfbea51211419348394072fc1da, type: 3}
      propertyPath: m_LocalRotation.w
      value: 1
      objectReference: {fileID: 0}
    - target: {fileID: 4767687881083266752, guid: 5efe5cfbea51211419348394072fc1da, type: 3}
      propertyPath: m_LocalRotation.x
      value: -0
      objectReference: {fileID: 0}
    - target: {fileID: 4767687881083266752, guid: 5efe5cfbea51211419348394072fc1da, type: 3}
      propertyPath: m_LocalRotation.y
      value: -0
      objectReference: {fileID: 0}
    - target: {fileID: 4767687881083266752, guid: 5efe5cfbea51211419348394072fc1da, type: 3}
      propertyPath: m_LocalRotation.z
      value: -0
      objectReference: {fileID: 0}
    - target: {fileID: 4767687881083266752, guid: 5efe5cfbea51211419348394072fc1da, type: 3}
      propertyPath: m_LocalEulerAnglesHint.x
      value: 0
      objectReference: {fileID: 0}
    - target: {fileID: 4767687881083266752, guid: 5efe5cfbea51211419348394072fc1da, type: 3}
      propertyPath: m_LocalEulerAnglesHint.y
      value: 0
      objectReference: {fileID: 0}
    - target: {fileID: 4767687881083266752, guid: 5efe5cfbea51211419348394072fc1da, type: 3}
      propertyPath: m_LocalEulerAnglesHint.z
      value: 0
      objectReference: {fileID: 0}
    - target: {fileID: 6021701430724679974, guid: 5efe5cfbea51211419348394072fc1da, type: 3}
      propertyPath: m_Name
      value: Wall (1)
      objectReference: {fileID: 0}
    m_RemovedComponents: []
    m_RemovedGameObjects: []
    m_AddedGameObjects: []
    m_AddedComponents: []
  m_SourcePrefab: {fileID: 100100000, guid: 5efe5cfbea51211419348394072fc1da, type: 3}
--- !u!4 &5916082965285333132 stripped
Transform:
  m_CorrespondingSourceObject: {fileID: 4767687881083266752, guid: 5efe5cfbea51211419348394072fc1da, type: 3}
  m_PrefabInstance: {fileID: 1166463925730233932}
  m_PrefabAsset: {fileID: 0}
--- !u!1001 &1251498770859878718
PrefabInstance:
  m_ObjectHideFlags: 0
  serializedVersion: 2
  m_Modification:
    serializedVersion: 3
    m_TransformParent: {fileID: 8979945256680203451}
    m_Modifications:
    - target: {fileID: 4767687881083266752, guid: 5efe5cfbea51211419348394072fc1da, type: 3}
      propertyPath: m_LocalPosition.x
      value: -2.8849998
      objectReference: {fileID: 0}
    - target: {fileID: 4767687881083266752, guid: 5efe5cfbea51211419348394072fc1da, type: 3}
      propertyPath: m_LocalPosition.y
      value: 8.6399975
      objectReference: {fileID: 0}
    - target: {fileID: 4767687881083266752, guid: 5efe5cfbea51211419348394072fc1da, type: 3}
      propertyPath: m_LocalPosition.z
      value: 0
      objectReference: {fileID: 0}
    - target: {fileID: 4767687881083266752, guid: 5efe5cfbea51211419348394072fc1da, type: 3}
      propertyPath: m_LocalRotation.w
      value: 0.7071068
      objectReference: {fileID: 0}
    - target: {fileID: 4767687881083266752, guid: 5efe5cfbea51211419348394072fc1da, type: 3}
      propertyPath: m_LocalRotation.x
      value: -0
      objectReference: {fileID: 0}
    - target: {fileID: 4767687881083266752, guid: 5efe5cfbea51211419348394072fc1da, type: 3}
      propertyPath: m_LocalRotation.y
      value: -0
      objectReference: {fileID: 0}
    - target: {fileID: 4767687881083266752, guid: 5efe5cfbea51211419348394072fc1da, type: 3}
      propertyPath: m_LocalRotation.z
      value: 0.7071068
      objectReference: {fileID: 0}
    - target: {fileID: 4767687881083266752, guid: 5efe5cfbea51211419348394072fc1da, type: 3}
      propertyPath: m_LocalEulerAnglesHint.x
      value: 0
      objectReference: {fileID: 0}
    - target: {fileID: 4767687881083266752, guid: 5efe5cfbea51211419348394072fc1da, type: 3}
      propertyPath: m_LocalEulerAnglesHint.y
      value: 0
      objectReference: {fileID: 0}
    - target: {fileID: 4767687881083266752, guid: 5efe5cfbea51211419348394072fc1da, type: 3}
      propertyPath: m_LocalEulerAnglesHint.z
      value: 0
      objectReference: {fileID: 0}
    - target: {fileID: 6021701430724679974, guid: 5efe5cfbea51211419348394072fc1da, type: 3}
      propertyPath: m_Name
      value: Wall (3)
      objectReference: {fileID: 0}
    m_RemovedComponents: []
    m_RemovedGameObjects: []
    m_AddedGameObjects: []
    m_AddedComponents: []
  m_SourcePrefab: {fileID: 100100000, guid: 5efe5cfbea51211419348394072fc1da, type: 3}
--- !u!4 &6013446101134725118 stripped
Transform:
  m_CorrespondingSourceObject: {fileID: 4767687881083266752, guid: 5efe5cfbea51211419348394072fc1da, type: 3}
  m_PrefabInstance: {fileID: 1251498770859878718}
  m_PrefabAsset: {fileID: 0}
--- !u!1001 &1634738222289434251
PrefabInstance:
  m_ObjectHideFlags: 0
  serializedVersion: 2
  m_Modification:
    serializedVersion: 3
    m_TransformParent: {fileID: 8979945256680203451}
    m_Modifications:
    - target: {fileID: 4767687881083266752, guid: 5efe5cfbea51211419348394072fc1da, type: 3}
      propertyPath: m_LocalPosition.x
      value: 8.699999
      objectReference: {fileID: 0}
    - target: {fileID: 4767687881083266752, guid: 5efe5cfbea51211419348394072fc1da, type: 3}
      propertyPath: m_LocalPosition.y
      value: -2.211
      objectReference: {fileID: 0}
    - target: {fileID: 4767687881083266752, guid: 5efe5cfbea51211419348394072fc1da, type: 3}
      propertyPath: m_LocalPosition.z
      value: 0
      objectReference: {fileID: 0}
    - target: {fileID: 4767687881083266752, guid: 5efe5cfbea51211419348394072fc1da, type: 3}
      propertyPath: m_LocalRotation.w
      value: 1
      objectReference: {fileID: 0}
    - target: {fileID: 4767687881083266752, guid: 5efe5cfbea51211419348394072fc1da, type: 3}
      propertyPath: m_LocalRotation.x
      value: -0
      objectReference: {fileID: 0}
    - target: {fileID: 4767687881083266752, guid: 5efe5cfbea51211419348394072fc1da, type: 3}
      propertyPath: m_LocalRotation.y
      value: -0
      objectReference: {fileID: 0}
    - target: {fileID: 4767687881083266752, guid: 5efe5cfbea51211419348394072fc1da, type: 3}
      propertyPath: m_LocalRotation.z
      value: -0
      objectReference: {fileID: 0}
    - target: {fileID: 4767687881083266752, guid: 5efe5cfbea51211419348394072fc1da, type: 3}
      propertyPath: m_LocalEulerAnglesHint.x
      value: 0
      objectReference: {fileID: 0}
    - target: {fileID: 4767687881083266752, guid: 5efe5cfbea51211419348394072fc1da, type: 3}
      propertyPath: m_LocalEulerAnglesHint.y
      value: 0
      objectReference: {fileID: 0}
    - target: {fileID: 4767687881083266752, guid: 5efe5cfbea51211419348394072fc1da, type: 3}
      propertyPath: m_LocalEulerAnglesHint.z
      value: 0
      objectReference: {fileID: 0}
    - target: {fileID: 6021701430724679974, guid: 5efe5cfbea51211419348394072fc1da, type: 3}
      propertyPath: m_Name
      value: Wall (5)
      objectReference: {fileID: 0}
    m_RemovedComponents: []
    m_RemovedGameObjects: []
    m_AddedGameObjects: []
    m_AddedComponents: []
  m_SourcePrefab: {fileID: 100100000, guid: 5efe5cfbea51211419348394072fc1da, type: 3}
--- !u!4 &6090550179901444171 stripped
Transform:
  m_CorrespondingSourceObject: {fileID: 4767687881083266752, guid: 5efe5cfbea51211419348394072fc1da, type: 3}
  m_PrefabInstance: {fileID: 1634738222289434251}
  m_PrefabAsset: {fileID: 0}
--- !u!1001 &2099769068670452088
PrefabInstance:
  m_ObjectHideFlags: 0
  serializedVersion: 2
  m_Modification:
    serializedVersion: 3
    m_TransformParent: {fileID: 8979945256680203451}
    m_Modifications:
    - target: {fileID: 4767687881083266752, guid: 5efe5cfbea51211419348394072fc1da, type: 3}
      propertyPath: m_LocalPosition.x
      value: -8.080001
      objectReference: {fileID: 0}
    - target: {fileID: 4767687881083266752, guid: 5efe5cfbea51211419348394072fc1da, type: 3}
      propertyPath: m_LocalPosition.y
      value: -2.211
      objectReference: {fileID: 0}
    - target: {fileID: 4767687881083266752, guid: 5efe5cfbea51211419348394072fc1da, type: 3}
      propertyPath: m_LocalPosition.z
      value: 0
      objectReference: {fileID: 0}
    - target: {fileID: 4767687881083266752, guid: 5efe5cfbea51211419348394072fc1da, type: 3}
      propertyPath: m_LocalRotation.w
      value: 1
      objectReference: {fileID: 0}
    - target: {fileID: 4767687881083266752, guid: 5efe5cfbea51211419348394072fc1da, type: 3}
      propertyPath: m_LocalRotation.x
      value: -0
      objectReference: {fileID: 0}
    - target: {fileID: 4767687881083266752, guid: 5efe5cfbea51211419348394072fc1da, type: 3}
      propertyPath: m_LocalRotation.y
      value: -0
      objectReference: {fileID: 0}
    - target: {fileID: 4767687881083266752, guid: 5efe5cfbea51211419348394072fc1da, type: 3}
      propertyPath: m_LocalRotation.z
      value: -0
      objectReference: {fileID: 0}
    - target: {fileID: 4767687881083266752, guid: 5efe5cfbea51211419348394072fc1da, type: 3}
      propertyPath: m_LocalEulerAnglesHint.x
      value: 0
      objectReference: {fileID: 0}
    - target: {fileID: 4767687881083266752, guid: 5efe5cfbea51211419348394072fc1da, type: 3}
      propertyPath: m_LocalEulerAnglesHint.y
      value: 0
      objectReference: {fileID: 0}
    - target: {fileID: 4767687881083266752, guid: 5efe5cfbea51211419348394072fc1da, type: 3}
      propertyPath: m_LocalEulerAnglesHint.z
      value: 0
      objectReference: {fileID: 0}
    - target: {fileID: 6021701430724679974, guid: 5efe5cfbea51211419348394072fc1da, type: 3}
      propertyPath: m_Name
      value: Wall (5)
      objectReference: {fileID: 0}
    m_RemovedComponents: []
    m_RemovedGameObjects: []
    m_AddedGameObjects: []
    m_AddedComponents: []
  m_SourcePrefab: {fileID: 100100000, guid: 5efe5cfbea51211419348394072fc1da, type: 3}
--- !u!4 &6848244444334106552 stripped
Transform:
  m_CorrespondingSourceObject: {fileID: 4767687881083266752, guid: 5efe5cfbea51211419348394072fc1da, type: 3}
  m_PrefabInstance: {fileID: 2099769068670452088}
  m_PrefabAsset: {fileID: 0}
--- !u!1001 &2162022509751129977
PrefabInstance:
  m_ObjectHideFlags: 0
  serializedVersion: 2
  m_Modification:
    serializedVersion: 3
    m_TransformParent: {fileID: 8979945256680203451}
    m_Modifications:
    - target: {fileID: 4767687881083266752, guid: 5efe5cfbea51211419348394072fc1da, type: 3}
      propertyPath: m_LocalPosition.x
      value: -8.080001
      objectReference: {fileID: 0}
    - target: {fileID: 4767687881083266752, guid: 5efe5cfbea51211419348394072fc1da, type: 3}
      propertyPath: m_LocalPosition.y
      value: 4.215
      objectReference: {fileID: 0}
    - target: {fileID: 4767687881083266752, guid: 5efe5cfbea51211419348394072fc1da, type: 3}
      propertyPath: m_LocalPosition.z
      value: 0
      objectReference: {fileID: 0}
    - target: {fileID: 4767687881083266752, guid: 5efe5cfbea51211419348394072fc1da, type: 3}
      propertyPath: m_LocalRotation.w
      value: 1
      objectReference: {fileID: 0}
    - target: {fileID: 4767687881083266752, guid: 5efe5cfbea51211419348394072fc1da, type: 3}
      propertyPath: m_LocalRotation.x
      value: -0
      objectReference: {fileID: 0}
    - target: {fileID: 4767687881083266752, guid: 5efe5cfbea51211419348394072fc1da, type: 3}
      propertyPath: m_LocalRotation.y
      value: -0
      objectReference: {fileID: 0}
    - target: {fileID: 4767687881083266752, guid: 5efe5cfbea51211419348394072fc1da, type: 3}
      propertyPath: m_LocalRotation.z
      value: -0
      objectReference: {fileID: 0}
    - target: {fileID: 4767687881083266752, guid: 5efe5cfbea51211419348394072fc1da, type: 3}
      propertyPath: m_LocalEulerAnglesHint.x
      value: 0
      objectReference: {fileID: 0}
    - target: {fileID: 4767687881083266752, guid: 5efe5cfbea51211419348394072fc1da, type: 3}
      propertyPath: m_LocalEulerAnglesHint.y
      value: 0
      objectReference: {fileID: 0}
    - target: {fileID: 4767687881083266752, guid: 5efe5cfbea51211419348394072fc1da, type: 3}
      propertyPath: m_LocalEulerAnglesHint.z
      value: 0
      objectReference: {fileID: 0}
    - target: {fileID: 6021701430724679974, guid: 5efe5cfbea51211419348394072fc1da, type: 3}
      propertyPath: m_Name
      value: Wall (3)
      objectReference: {fileID: 0}
    m_RemovedComponents: []
    m_RemovedGameObjects: []
    m_AddedGameObjects: []
    m_AddedComponents: []
  m_SourcePrefab: {fileID: 100100000, guid: 5efe5cfbea51211419348394072fc1da, type: 3}
--- !u!4 &6641462388069134777 stripped
Transform:
  m_CorrespondingSourceObject: {fileID: 4767687881083266752, guid: 5efe5cfbea51211419348394072fc1da, type: 3}
  m_PrefabInstance: {fileID: 2162022509751129977}
  m_PrefabAsset: {fileID: 0}
--- !u!1001 &2454291710890035433
PrefabInstance:
  m_ObjectHideFlags: 0
  serializedVersion: 2
  m_Modification:
    serializedVersion: 3
    m_TransformParent: {fileID: 8979945256680203451}
    m_Modifications:
    - target: {fileID: 4767687881083266752, guid: 5efe5cfbea51211419348394072fc1da, type: 3}
      propertyPath: m_LocalPosition.x
      value: 3.23
      objectReference: {fileID: 0}
    - target: {fileID: 4767687881083266752, guid: 5efe5cfbea51211419348394072fc1da, type: 3}
      propertyPath: m_LocalPosition.y
      value: -1.55
      objectReference: {fileID: 0}
    - target: {fileID: 4767687881083266752, guid: 5efe5cfbea51211419348394072fc1da, type: 3}
      propertyPath: m_LocalPosition.z
      value: 0
      objectReference: {fileID: 0}
    - target: {fileID: 4767687881083266752, guid: 5efe5cfbea51211419348394072fc1da, type: 3}
      propertyPath: m_LocalRotation.w
      value: 0.7071068
      objectReference: {fileID: 0}
    - target: {fileID: 4767687881083266752, guid: 5efe5cfbea51211419348394072fc1da, type: 3}
      propertyPath: m_LocalRotation.x
      value: 0
      objectReference: {fileID: 0}
    - target: {fileID: 4767687881083266752, guid: 5efe5cfbea51211419348394072fc1da, type: 3}
      propertyPath: m_LocalRotation.y
      value: 0
      objectReference: {fileID: 0}
    - target: {fileID: 4767687881083266752, guid: 5efe5cfbea51211419348394072fc1da, type: 3}
      propertyPath: m_LocalRotation.z
      value: 0.7071068
      objectReference: {fileID: 0}
    - target: {fileID: 4767687881083266752, guid: 5efe5cfbea51211419348394072fc1da, type: 3}
      propertyPath: m_LocalEulerAnglesHint.x
      value: 0
      objectReference: {fileID: 0}
    - target: {fileID: 4767687881083266752, guid: 5efe5cfbea51211419348394072fc1da, type: 3}
      propertyPath: m_LocalEulerAnglesHint.y
      value: 0
      objectReference: {fileID: 0}
    - target: {fileID: 4767687881083266752, guid: 5efe5cfbea51211419348394072fc1da, type: 3}
      propertyPath: m_LocalEulerAnglesHint.z
      value: 90
      objectReference: {fileID: 0}
    - target: {fileID: 6021701430724679974, guid: 5efe5cfbea51211419348394072fc1da, type: 3}
      propertyPath: m_Name
      value: Wall (7)
      objectReference: {fileID: 0}
    m_RemovedComponents: []
    m_RemovedGameObjects: []
    m_AddedGameObjects: []
    m_AddedComponents: []
  m_SourcePrefab: {fileID: 100100000, guid: 5efe5cfbea51211419348394072fc1da, type: 3}
--- !u!4 &6928048677435895337 stripped
Transform:
  m_CorrespondingSourceObject: {fileID: 4767687881083266752, guid: 5efe5cfbea51211419348394072fc1da, type: 3}
  m_PrefabInstance: {fileID: 2454291710890035433}
  m_PrefabAsset: {fileID: 0}
--- !u!1001 &2724917099664788620
PrefabInstance:
  m_ObjectHideFlags: 0
  serializedVersion: 2
  m_Modification:
    serializedVersion: 3
    m_TransformParent: {fileID: 8979945256680203451}
    m_Modifications:
    - target: {fileID: 4767687881083266752, guid: 5efe5cfbea51211419348394072fc1da, type: 3}
      propertyPath: m_LocalPosition.x
      value: -8.080001
      objectReference: {fileID: 0}
    - target: {fileID: 4767687881083266752, guid: 5efe5cfbea51211419348394072fc1da, type: 3}
      propertyPath: m_LocalPosition.y
      value: -5.435
      objectReference: {fileID: 0}
    - target: {fileID: 4767687881083266752, guid: 5efe5cfbea51211419348394072fc1da, type: 3}
      propertyPath: m_LocalPosition.z
      value: 0
      objectReference: {fileID: 0}
    - target: {fileID: 4767687881083266752, guid: 5efe5cfbea51211419348394072fc1da, type: 3}
      propertyPath: m_LocalRotation.w
      value: 1
      objectReference: {fileID: 0}
    - target: {fileID: 4767687881083266752, guid: 5efe5cfbea51211419348394072fc1da, type: 3}
      propertyPath: m_LocalRotation.x
      value: -0
      objectReference: {fileID: 0}
    - target: {fileID: 4767687881083266752, guid: 5efe5cfbea51211419348394072fc1da, type: 3}
      propertyPath: m_LocalRotation.y
      value: -0
      objectReference: {fileID: 0}
    - target: {fileID: 4767687881083266752, guid: 5efe5cfbea51211419348394072fc1da, type: 3}
      propertyPath: m_LocalRotation.z
      value: -0
      objectReference: {fileID: 0}
    - target: {fileID: 4767687881083266752, guid: 5efe5cfbea51211419348394072fc1da, type: 3}
      propertyPath: m_LocalEulerAnglesHint.x
      value: 0
      objectReference: {fileID: 0}
    - target: {fileID: 4767687881083266752, guid: 5efe5cfbea51211419348394072fc1da, type: 3}
      propertyPath: m_LocalEulerAnglesHint.y
      value: 0
      objectReference: {fileID: 0}
    - target: {fileID: 4767687881083266752, guid: 5efe5cfbea51211419348394072fc1da, type: 3}
      propertyPath: m_LocalEulerAnglesHint.z
      value: 0
      objectReference: {fileID: 0}
    - target: {fileID: 6021701430724679974, guid: 5efe5cfbea51211419348394072fc1da, type: 3}
      propertyPath: m_Name
      value: Wall (1)
      objectReference: {fileID: 0}
    m_RemovedComponents: []
    m_RemovedGameObjects: []
    m_AddedGameObjects: []
    m_AddedComponents: []
  m_SourcePrefab: {fileID: 100100000, guid: 5efe5cfbea51211419348394072fc1da, type: 3}
--- !u!4 &7492551017977834060 stripped
Transform:
  m_CorrespondingSourceObject: {fileID: 4767687881083266752, guid: 5efe5cfbea51211419348394072fc1da, type: 3}
  m_PrefabInstance: {fileID: 2724917099664788620}
  m_PrefabAsset: {fileID: 0}
--- !u!1001 &3487757183261336666
PrefabInstance:
  m_ObjectHideFlags: 0
  serializedVersion: 2
  m_Modification:
    serializedVersion: 3
    m_TransformParent: {fileID: 8979945256680203451}
    m_Modifications:
    - target: {fileID: 4767687881083266752, guid: 5efe5cfbea51211419348394072fc1da, type: 3}
      propertyPath: m_LocalPosition.x
      value: -6.1060004
      objectReference: {fileID: 0}
    - target: {fileID: 4767687881083266752, guid: 5efe5cfbea51211419348394072fc1da, type: 3}
      propertyPath: m_LocalPosition.y
      value: -6.6500025
      objectReference: {fileID: 0}
    - target: {fileID: 4767687881083266752, guid: 5efe5cfbea51211419348394072fc1da, type: 3}
      propertyPath: m_LocalPosition.z
      value: 0
      objectReference: {fileID: 0}
    - target: {fileID: 4767687881083266752, guid: 5efe5cfbea51211419348394072fc1da, type: 3}
      propertyPath: m_LocalRotation.w
      value: 0.7071068
      objectReference: {fileID: 0}
    - target: {fileID: 4767687881083266752, guid: 5efe5cfbea51211419348394072fc1da, type: 3}
      propertyPath: m_LocalRotation.x
      value: -0
      objectReference: {fileID: 0}
    - target: {fileID: 4767687881083266752, guid: 5efe5cfbea51211419348394072fc1da, type: 3}
      propertyPath: m_LocalRotation.y
      value: -0
      objectReference: {fileID: 0}
    - target: {fileID: 4767687881083266752, guid: 5efe5cfbea51211419348394072fc1da, type: 3}
      propertyPath: m_LocalRotation.z
      value: 0.7071068
      objectReference: {fileID: 0}
    - target: {fileID: 4767687881083266752, guid: 5efe5cfbea51211419348394072fc1da, type: 3}
      propertyPath: m_LocalEulerAnglesHint.x
      value: 0
      objectReference: {fileID: 0}
    - target: {fileID: 4767687881083266752, guid: 5efe5cfbea51211419348394072fc1da, type: 3}
      propertyPath: m_LocalEulerAnglesHint.y
      value: 0
      objectReference: {fileID: 0}
    - target: {fileID: 4767687881083266752, guid: 5efe5cfbea51211419348394072fc1da, type: 3}
      propertyPath: m_LocalEulerAnglesHint.z
      value: 0
      objectReference: {fileID: 0}
    - target: {fileID: 6021701430724679974, guid: 5efe5cfbea51211419348394072fc1da, type: 3}
      propertyPath: m_Name
      value: Wall (4)
      objectReference: {fileID: 0}
    m_RemovedComponents: []
    m_RemovedGameObjects: []
    m_AddedGameObjects: []
    m_AddedComponents: []
  m_SourcePrefab: {fileID: 100100000, guid: 5efe5cfbea51211419348394072fc1da, type: 3}
--- !u!4 &8236303563236360858 stripped
Transform:
  m_CorrespondingSourceObject: {fileID: 4767687881083266752, guid: 5efe5cfbea51211419348394072fc1da, type: 3}
  m_PrefabInstance: {fileID: 3487757183261336666}
  m_PrefabAsset: {fileID: 0}
--- !u!1001 &3956363124167435452
PrefabInstance:
  m_ObjectHideFlags: 0
  serializedVersion: 2
  m_Modification:
    serializedVersion: 3
    m_TransformParent: {fileID: 8979945256680203451}
    m_Modifications:
    - target: {fileID: 4767687881083266752, guid: 5efe5cfbea51211419348394072fc1da, type: 3}
      propertyPath: m_LocalPosition.x
      value: -3.03
      objectReference: {fileID: 0}
    - target: {fileID: 4767687881083266752, guid: 5efe5cfbea51211419348394072fc1da, type: 3}
      propertyPath: m_LocalPosition.y
      value: -1.5539999
      objectReference: {fileID: 0}
    - target: {fileID: 4767687881083266752, guid: 5efe5cfbea51211419348394072fc1da, type: 3}
      propertyPath: m_LocalPosition.z
      value: 0
      objectReference: {fileID: 0}
    - target: {fileID: 4767687881083266752, guid: 5efe5cfbea51211419348394072fc1da, type: 3}
      propertyPath: m_LocalRotation.w
      value: 0.7071068
      objectReference: {fileID: 0}
    - target: {fileID: 4767687881083266752, guid: 5efe5cfbea51211419348394072fc1da, type: 3}
      propertyPath: m_LocalRotation.x
      value: 0
      objectReference: {fileID: 0}
    - target: {fileID: 4767687881083266752, guid: 5efe5cfbea51211419348394072fc1da, type: 3}
      propertyPath: m_LocalRotation.y
      value: 0
      objectReference: {fileID: 0}
    - target: {fileID: 4767687881083266752, guid: 5efe5cfbea51211419348394072fc1da, type: 3}
      propertyPath: m_LocalRotation.z
      value: 0.7071068
      objectReference: {fileID: 0}
    - target: {fileID: 4767687881083266752, guid: 5efe5cfbea51211419348394072fc1da, type: 3}
      propertyPath: m_LocalEulerAnglesHint.x
      value: 0
      objectReference: {fileID: 0}
    - target: {fileID: 4767687881083266752, guid: 5efe5cfbea51211419348394072fc1da, type: 3}
      propertyPath: m_LocalEulerAnglesHint.y
      value: 0
      objectReference: {fileID: 0}
    - target: {fileID: 4767687881083266752, guid: 5efe5cfbea51211419348394072fc1da, type: 3}
      propertyPath: m_LocalEulerAnglesHint.z
      value: 90
      objectReference: {fileID: 0}
    - target: {fileID: 6021701430724679974, guid: 5efe5cfbea51211419348394072fc1da, type: 3}
      propertyPath: m_Name
      value: Wall (5)
      objectReference: {fileID: 0}
    m_RemovedComponents: []
    m_RemovedGameObjects: []
    m_AddedGameObjects: []
    m_AddedComponents: []
  m_SourcePrefab: {fileID: 100100000, guid: 5efe5cfbea51211419348394072fc1da, type: 3}
--- !u!4 &8416640094811931260 stripped
Transform:
  m_CorrespondingSourceObject: {fileID: 4767687881083266752, guid: 5efe5cfbea51211419348394072fc1da, type: 3}
  m_PrefabInstance: {fileID: 3956363124167435452}
  m_PrefabAsset: {fileID: 0}
--- !u!1001 &4256553655876955666
PrefabInstance:
  m_ObjectHideFlags: 0
  serializedVersion: 2
  m_Modification:
    serializedVersion: 3
    m_TransformParent: {fileID: 8979945256680203451}
    m_Modifications:
    - target: {fileID: 4767687881083266752, guid: 5efe5cfbea51211419348394072fc1da, type: 3}
      propertyPath: m_LocalPosition.x
      value: 3.541001
      objectReference: {fileID: 0}
    - target: {fileID: 4767687881083266752, guid: 5efe5cfbea51211419348394072fc1da, type: 3}
      propertyPath: m_LocalPosition.y
      value: 8.639998
      objectReference: {fileID: 0}
    - target: {fileID: 4767687881083266752, guid: 5efe5cfbea51211419348394072fc1da, type: 3}
      propertyPath: m_LocalPosition.z
      value: 0
      objectReference: {fileID: 0}
    - target: {fileID: 4767687881083266752, guid: 5efe5cfbea51211419348394072fc1da, type: 3}
      propertyPath: m_LocalRotation.w
      value: 0.7071068
      objectReference: {fileID: 0}
    - target: {fileID: 4767687881083266752, guid: 5efe5cfbea51211419348394072fc1da, type: 3}
      propertyPath: m_LocalRotation.x
      value: -0
      objectReference: {fileID: 0}
    - target: {fileID: 4767687881083266752, guid: 5efe5cfbea51211419348394072fc1da, type: 3}
      propertyPath: m_LocalRotation.y
      value: -0
      objectReference: {fileID: 0}
    - target: {fileID: 4767687881083266752, guid: 5efe5cfbea51211419348394072fc1da, type: 3}
      propertyPath: m_LocalRotation.z
      value: 0.7071068
      objectReference: {fileID: 0}
    - target: {fileID: 4767687881083266752, guid: 5efe5cfbea51211419348394072fc1da, type: 3}
      propertyPath: m_LocalEulerAnglesHint.x
      value: 0
      objectReference: {fileID: 0}
    - target: {fileID: 4767687881083266752, guid: 5efe5cfbea51211419348394072fc1da, type: 3}
      propertyPath: m_LocalEulerAnglesHint.y
      value: 0
      objectReference: {fileID: 0}
    - target: {fileID: 4767687881083266752, guid: 5efe5cfbea51211419348394072fc1da, type: 3}
      propertyPath: m_LocalEulerAnglesHint.z
      value: 0
      objectReference: {fileID: 0}
    - target: {fileID: 6021701430724679974, guid: 5efe5cfbea51211419348394072fc1da, type: 3}
      propertyPath: m_Name
      value: Wall (5)
      objectReference: {fileID: 0}
    m_RemovedComponents: []
    m_RemovedGameObjects: []
    m_AddedGameObjects: []
    m_AddedComponents: []
  m_SourcePrefab: {fileID: 100100000, guid: 5efe5cfbea51211419348394072fc1da, type: 3}
--- !u!4 &8734848168963377362 stripped
Transform:
  m_CorrespondingSourceObject: {fileID: 4767687881083266752, guid: 5efe5cfbea51211419348394072fc1da, type: 3}
  m_PrefabInstance: {fileID: 4256553655876955666}
  m_PrefabAsset: {fileID: 0}
--- !u!1001 &4753393938916494637
PrefabInstance:
  m_ObjectHideFlags: 0
  serializedVersion: 2
  m_Modification:
    serializedVersion: 3
    m_TransformParent: {fileID: 8979945256680203451}
    m_Modifications:
    - target: {fileID: 4767687881083266752, guid: 5efe5cfbea51211419348394072fc1da, type: 3}
      propertyPath: m_LocalPosition.x
      value: 0.32600087
      objectReference: {fileID: 0}
    - target: {fileID: 4767687881083266752, guid: 5efe5cfbea51211419348394072fc1da, type: 3}
      propertyPath: m_LocalPosition.y
      value: -6.6500015
      objectReference: {fileID: 0}
    - target: {fileID: 4767687881083266752, guid: 5efe5cfbea51211419348394072fc1da, type: 3}
      propertyPath: m_LocalPosition.z
      value: 0
      objectReference: {fileID: 0}
    - target: {fileID: 4767687881083266752, guid: 5efe5cfbea51211419348394072fc1da, type: 3}
      propertyPath: m_LocalRotation.w
      value: 0.7071068
      objectReference: {fileID: 0}
    - target: {fileID: 4767687881083266752, guid: 5efe5cfbea51211419348394072fc1da, type: 3}
      propertyPath: m_LocalRotation.x
      value: -0
      objectReference: {fileID: 0}
    - target: {fileID: 4767687881083266752, guid: 5efe5cfbea51211419348394072fc1da, type: 3}
      propertyPath: m_LocalRotation.y
      value: -0
      objectReference: {fileID: 0}
    - target: {fileID: 4767687881083266752, guid: 5efe5cfbea51211419348394072fc1da, type: 3}
      propertyPath: m_LocalRotation.z
      value: 0.7071068
      objectReference: {fileID: 0}
    - target: {fileID: 4767687881083266752, guid: 5efe5cfbea51211419348394072fc1da, type: 3}
      propertyPath: m_LocalEulerAnglesHint.x
      value: 0
      objectReference: {fileID: 0}
    - target: {fileID: 4767687881083266752, guid: 5efe5cfbea51211419348394072fc1da, type: 3}
      propertyPath: m_LocalEulerAnglesHint.y
      value: 0
      objectReference: {fileID: 0}
    - target: {fileID: 4767687881083266752, guid: 5efe5cfbea51211419348394072fc1da, type: 3}
      propertyPath: m_LocalEulerAnglesHint.z
      value: 0
      objectReference: {fileID: 0}
    - target: {fileID: 6021701430724679974, guid: 5efe5cfbea51211419348394072fc1da, type: 3}
      propertyPath: m_Name
      value: Wall (2)
      objectReference: {fileID: 0}
    m_RemovedComponents: []
    m_RemovedGameObjects: []
    m_AddedGameObjects: []
    m_AddedComponents: []
  m_SourcePrefab: {fileID: 100100000, guid: 5efe5cfbea51211419348394072fc1da, type: 3}
--- !u!4 &278458209960455149 stripped
Transform:
  m_CorrespondingSourceObject: {fileID: 4767687881083266752, guid: 5efe5cfbea51211419348394072fc1da, type: 3}
  m_PrefabInstance: {fileID: 4753393938916494637}
  m_PrefabAsset: {fileID: 0}
--- !u!1001 &5111648096376301821
PrefabInstance:
  m_ObjectHideFlags: 0
  serializedVersion: 2
  m_Modification:
    serializedVersion: 3
    m_TransformParent: {fileID: 8979945256680203451}
    m_Modifications:
    - target: {fileID: 4767687881083266752, guid: 5efe5cfbea51211419348394072fc1da, type: 3}
      propertyPath: m_LocalPosition.x
      value: 5.1
      objectReference: {fileID: 0}
    - target: {fileID: 4767687881083266752, guid: 5efe5cfbea51211419348394072fc1da, type: 3}
      propertyPath: m_LocalPosition.y
      value: -2.61
      objectReference: {fileID: 0}
    - target: {fileID: 4767687881083266752, guid: 5efe5cfbea51211419348394072fc1da, type: 3}
      propertyPath: m_LocalPosition.z
      value: 0
      objectReference: {fileID: 0}
    - target: {fileID: 4767687881083266752, guid: 5efe5cfbea51211419348394072fc1da, type: 3}
      propertyPath: m_LocalRotation.w
      value: 1
      objectReference: {fileID: 0}
    - target: {fileID: 4767687881083266752, guid: 5efe5cfbea51211419348394072fc1da, type: 3}
      propertyPath: m_LocalRotation.x
      value: 0
      objectReference: {fileID: 0}
    - target: {fileID: 4767687881083266752, guid: 5efe5cfbea51211419348394072fc1da, type: 3}
      propertyPath: m_LocalRotation.y
      value: 0
      objectReference: {fileID: 0}
    - target: {fileID: 4767687881083266752, guid: 5efe5cfbea51211419348394072fc1da, type: 3}
      propertyPath: m_LocalRotation.z
      value: 0
      objectReference: {fileID: 0}
    - target: {fileID: 4767687881083266752, guid: 5efe5cfbea51211419348394072fc1da, type: 3}
      propertyPath: m_LocalEulerAnglesHint.x
      value: 0
      objectReference: {fileID: 0}
    - target: {fileID: 4767687881083266752, guid: 5efe5cfbea51211419348394072fc1da, type: 3}
      propertyPath: m_LocalEulerAnglesHint.y
      value: 0
      objectReference: {fileID: 0}
    - target: {fileID: 4767687881083266752, guid: 5efe5cfbea51211419348394072fc1da, type: 3}
      propertyPath: m_LocalEulerAnglesHint.z
      value: 0
      objectReference: {fileID: 0}
    - target: {fileID: 6021701430724679974, guid: 5efe5cfbea51211419348394072fc1da, type: 3}
      propertyPath: m_Name
      value: Wall (1)
      objectReference: {fileID: 0}
    m_RemovedComponents: []
    m_RemovedGameObjects: []
    m_AddedGameObjects: []
    m_AddedComponents: []
  m_SourcePrefab: {fileID: 100100000, guid: 5efe5cfbea51211419348394072fc1da, type: 3}
--- !u!4 &349594130812800573 stripped
Transform:
  m_CorrespondingSourceObject: {fileID: 4767687881083266752, guid: 5efe5cfbea51211419348394072fc1da, type: 3}
  m_PrefabInstance: {fileID: 5111648096376301821}
  m_PrefabAsset: {fileID: 0}
--- !u!1001 &5144523526072289591
PrefabInstance:
  m_ObjectHideFlags: 0
  serializedVersion: 2
  m_Modification:
    serializedVersion: 3
    m_TransformParent: {fileID: 8979945256680203451}
    m_Modifications:
    - target: {fileID: 4767687881083266752, guid: 5efe5cfbea51211419348394072fc1da, type: 3}
      propertyPath: m_LocalPosition.x
      value: 6.7650013
      objectReference: {fileID: 0}
    - target: {fileID: 4767687881083266752, guid: 5efe5cfbea51211419348394072fc1da, type: 3}
      propertyPath: m_LocalPosition.y
      value: -6.6500006
      objectReference: {fileID: 0}
    - target: {fileID: 4767687881083266752, guid: 5efe5cfbea51211419348394072fc1da, type: 3}
      propertyPath: m_LocalPosition.z
      value: 0
      objectReference: {fileID: 0}
    - target: {fileID: 4767687881083266752, guid: 5efe5cfbea51211419348394072fc1da, type: 3}
      propertyPath: m_LocalRotation.w
      value: 0.7071068
      objectReference: {fileID: 0}
    - target: {fileID: 4767687881083266752, guid: 5efe5cfbea51211419348394072fc1da, type: 3}
      propertyPath: m_LocalRotation.x
      value: -0
      objectReference: {fileID: 0}
    - target: {fileID: 4767687881083266752, guid: 5efe5cfbea51211419348394072fc1da, type: 3}
      propertyPath: m_LocalRotation.y
      value: -0
      objectReference: {fileID: 0}
    - target: {fileID: 4767687881083266752, guid: 5efe5cfbea51211419348394072fc1da, type: 3}
      propertyPath: m_LocalRotation.z
      value: 0.7071068
      objectReference: {fileID: 0}
    - target: {fileID: 4767687881083266752, guid: 5efe5cfbea51211419348394072fc1da, type: 3}
      propertyPath: m_LocalEulerAnglesHint.x
      value: 0
      objectReference: {fileID: 0}
    - target: {fileID: 4767687881083266752, guid: 5efe5cfbea51211419348394072fc1da, type: 3}
      propertyPath: m_LocalEulerAnglesHint.y
      value: 0
      objectReference: {fileID: 0}
    - target: {fileID: 4767687881083266752, guid: 5efe5cfbea51211419348394072fc1da, type: 3}
      propertyPath: m_LocalEulerAnglesHint.z
      value: 0
      objectReference: {fileID: 0}
    - target: {fileID: 6021701430724679974, guid: 5efe5cfbea51211419348394072fc1da, type: 3}
      propertyPath: m_Name
      value: Wall (1)
      objectReference: {fileID: 0}
    m_RemovedComponents: []
    m_RemovedGameObjects: []
    m_AddedGameObjects: []
    m_AddedComponents: []
  m_SourcePrefab: {fileID: 100100000, guid: 5efe5cfbea51211419348394072fc1da, type: 3}
--- !u!4 &382592928449228791 stripped
Transform:
  m_CorrespondingSourceObject: {fileID: 4767687881083266752, guid: 5efe5cfbea51211419348394072fc1da, type: 3}
  m_PrefabInstance: {fileID: 5144523526072289591}
  m_PrefabAsset: {fileID: 0}
--- !u!1001 &6056224302961242359
PrefabInstance:
  m_ObjectHideFlags: 0
  serializedVersion: 2
  m_Modification:
    serializedVersion: 3
    m_TransformParent: {fileID: 8979945256680203451}
    m_Modifications:
    - target: {fileID: 4767687881083266752, guid: 5efe5cfbea51211419348394072fc1da, type: 3}
      propertyPath: m_LocalPosition.x
      value: 5.1
      objectReference: {fileID: 0}
    - target: {fileID: 4767687881083266752, guid: 5efe5cfbea51211419348394072fc1da, type: 3}
      propertyPath: m_LocalPosition.y
      value: 0.64
      objectReference: {fileID: 0}
    - target: {fileID: 4767687881083266752, guid: 5efe5cfbea51211419348394072fc1da, type: 3}
      propertyPath: m_LocalPosition.z
      value: 0
      objectReference: {fileID: 0}
    - target: {fileID: 4767687881083266752, guid: 5efe5cfbea51211419348394072fc1da, type: 3}
      propertyPath: m_LocalRotation.w
      value: 1
      objectReference: {fileID: 0}
    - target: {fileID: 4767687881083266752, guid: 5efe5cfbea51211419348394072fc1da, type: 3}
      propertyPath: m_LocalRotation.x
      value: 0
      objectReference: {fileID: 0}
    - target: {fileID: 4767687881083266752, guid: 5efe5cfbea51211419348394072fc1da, type: 3}
      propertyPath: m_LocalRotation.y
      value: 0
      objectReference: {fileID: 0}
    - target: {fileID: 4767687881083266752, guid: 5efe5cfbea51211419348394072fc1da, type: 3}
      propertyPath: m_LocalRotation.z
      value: 0
      objectReference: {fileID: 0}
    - target: {fileID: 4767687881083266752, guid: 5efe5cfbea51211419348394072fc1da, type: 3}
      propertyPath: m_LocalEulerAnglesHint.x
      value: 0
      objectReference: {fileID: 0}
    - target: {fileID: 4767687881083266752, guid: 5efe5cfbea51211419348394072fc1da, type: 3}
      propertyPath: m_LocalEulerAnglesHint.y
      value: 0
      objectReference: {fileID: 0}
    - target: {fileID: 4767687881083266752, guid: 5efe5cfbea51211419348394072fc1da, type: 3}
      propertyPath: m_LocalEulerAnglesHint.z
      value: 0
      objectReference: {fileID: 0}
    - target: {fileID: 6021701430724679974, guid: 5efe5cfbea51211419348394072fc1da, type: 3}
      propertyPath: m_Name
      value: Wall
      objectReference: {fileID: 0}
    m_RemovedComponents: []
    m_RemovedGameObjects: []
    m_AddedGameObjects: []
    m_AddedComponents: []
  m_SourcePrefab: {fileID: 100100000, guid: 5efe5cfbea51211419348394072fc1da, type: 3}
--- !u!4 &1596030413744150071 stripped
Transform:
  m_CorrespondingSourceObject: {fileID: 4767687881083266752, guid: 5efe5cfbea51211419348394072fc1da, type: 3}
  m_PrefabInstance: {fileID: 6056224302961242359}
  m_PrefabAsset: {fileID: 0}
--- !u!1001 &6114947962983865154
PrefabInstance:
  m_ObjectHideFlags: 0
  serializedVersion: 2
  m_Modification:
    serializedVersion: 3
    m_TransformParent: {fileID: 8979945256680203451}
    m_Modifications:
    - target: {fileID: 4767687881083266752, guid: 5efe5cfbea51211419348394072fc1da, type: 3}
      propertyPath: m_LocalPosition.x
      value: -6.1060004
      objectReference: {fileID: 0}
    - target: {fileID: 4767687881083266752, guid: 5efe5cfbea51211419348394072fc1da, type: 3}
      propertyPath: m_LocalPosition.y
      value: 8.6399975
      objectReference: {fileID: 0}
    - target: {fileID: 4767687881083266752, guid: 5efe5cfbea51211419348394072fc1da, type: 3}
      propertyPath: m_LocalPosition.z
      value: 0
      objectReference: {fileID: 0}
    - target: {fileID: 4767687881083266752, guid: 5efe5cfbea51211419348394072fc1da, type: 3}
      propertyPath: m_LocalRotation.w
      value: 0.7071068
      objectReference: {fileID: 0}
    - target: {fileID: 4767687881083266752, guid: 5efe5cfbea51211419348394072fc1da, type: 3}
      propertyPath: m_LocalRotation.x
      value: -0
      objectReference: {fileID: 0}
    - target: {fileID: 4767687881083266752, guid: 5efe5cfbea51211419348394072fc1da, type: 3}
      propertyPath: m_LocalRotation.y
      value: -0
      objectReference: {fileID: 0}
    - target: {fileID: 4767687881083266752, guid: 5efe5cfbea51211419348394072fc1da, type: 3}
      propertyPath: m_LocalRotation.z
      value: 0.7071068
      objectReference: {fileID: 0}
    - target: {fileID: 4767687881083266752, guid: 5efe5cfbea51211419348394072fc1da, type: 3}
      propertyPath: m_LocalEulerAnglesHint.x
      value: 0
      objectReference: {fileID: 0}
    - target: {fileID: 4767687881083266752, guid: 5efe5cfbea51211419348394072fc1da, type: 3}
      propertyPath: m_LocalEulerAnglesHint.y
      value: 0
      objectReference: {fileID: 0}
    - target: {fileID: 4767687881083266752, guid: 5efe5cfbea51211419348394072fc1da, type: 3}
      propertyPath: m_LocalEulerAnglesHint.z
      value: 0
      objectReference: {fileID: 0}
    - target: {fileID: 6021701430724679974, guid: 5efe5cfbea51211419348394072fc1da, type: 3}
      propertyPath: m_Name
      value: Wall (4)
      objectReference: {fileID: 0}
    m_RemovedComponents: []
    m_RemovedGameObjects: []
    m_AddedGameObjects: []
    m_AddedComponents: []
  m_SourcePrefab: {fileID: 100100000, guid: 5efe5cfbea51211419348394072fc1da, type: 3}
--- !u!4 &1654670545792400770 stripped
Transform:
  m_CorrespondingSourceObject: {fileID: 4767687881083266752, guid: 5efe5cfbea51211419348394072fc1da, type: 3}
  m_PrefabInstance: {fileID: 6114947962983865154}
  m_PrefabAsset: {fileID: 0}
--- !u!1001 &6486612648108297346
PrefabInstance:
  m_ObjectHideFlags: 0
  serializedVersion: 2
  m_Modification:
    serializedVersion: 3
    m_TransformParent: {fileID: 8979945256680203451}
    m_Modifications:
    - target: {fileID: 4767687881083266752, guid: 5efe5cfbea51211419348394072fc1da, type: 3}
      propertyPath: m_LocalPosition.x
      value: -2.8849998
      objectReference: {fileID: 0}
    - target: {fileID: 4767687881083266752, guid: 5efe5cfbea51211419348394072fc1da, type: 3}
      propertyPath: m_LocalPosition.y
      value: -6.6500025
      objectReference: {fileID: 0}
    - target: {fileID: 4767687881083266752, guid: 5efe5cfbea51211419348394072fc1da, type: 3}
      propertyPath: m_LocalPosition.z
      value: 0
      objectReference: {fileID: 0}
    - target: {fileID: 4767687881083266752, guid: 5efe5cfbea51211419348394072fc1da, type: 3}
      propertyPath: m_LocalRotation.w
      value: 0.7071068
      objectReference: {fileID: 0}
    - target: {fileID: 4767687881083266752, guid: 5efe5cfbea51211419348394072fc1da, type: 3}
      propertyPath: m_LocalRotation.x
      value: -0
      objectReference: {fileID: 0}
    - target: {fileID: 4767687881083266752, guid: 5efe5cfbea51211419348394072fc1da, type: 3}
      propertyPath: m_LocalRotation.y
      value: -0
      objectReference: {fileID: 0}
    - target: {fileID: 4767687881083266752, guid: 5efe5cfbea51211419348394072fc1da, type: 3}
      propertyPath: m_LocalRotation.z
      value: 0.7071068
      objectReference: {fileID: 0}
    - target: {fileID: 4767687881083266752, guid: 5efe5cfbea51211419348394072fc1da, type: 3}
      propertyPath: m_LocalEulerAnglesHint.x
      value: 0
      objectReference: {fileID: 0}
    - target: {fileID: 4767687881083266752, guid: 5efe5cfbea51211419348394072fc1da, type: 3}
      propertyPath: m_LocalEulerAnglesHint.y
      value: 0
      objectReference: {fileID: 0}
    - target: {fileID: 4767687881083266752, guid: 5efe5cfbea51211419348394072fc1da, type: 3}
      propertyPath: m_LocalEulerAnglesHint.z
      value: 0
      objectReference: {fileID: 0}
    - target: {fileID: 6021701430724679974, guid: 5efe5cfbea51211419348394072fc1da, type: 3}
      propertyPath: m_Name
      value: Wall (3)
      objectReference: {fileID: 0}
    m_RemovedComponents: []
    m_RemovedGameObjects: []
    m_AddedGameObjects: []
    m_AddedComponents: []
  m_SourcePrefab: {fileID: 100100000, guid: 5efe5cfbea51211419348394072fc1da, type: 3}
--- !u!4 &1742656711961487938 stripped
Transform:
  m_CorrespondingSourceObject: {fileID: 4767687881083266752, guid: 5efe5cfbea51211419348394072fc1da, type: 3}
  m_PrefabInstance: {fileID: 6486612648108297346}
  m_PrefabAsset: {fileID: 0}
--- !u!1001 &6887210988123302011
PrefabInstance:
  m_ObjectHideFlags: 0
  serializedVersion: 2
  m_Modification:
    serializedVersion: 3
    m_TransformParent: {fileID: 8979945256680203451}
    m_Modifications:
    - target: {fileID: 4767687881083266752, guid: 5efe5cfbea51211419348394072fc1da, type: 3}
      propertyPath: m_LocalPosition.x
      value: 8.699999
      objectReference: {fileID: 0}
    - target: {fileID: 4767687881083266752, guid: 5efe5cfbea51211419348394072fc1da, type: 3}
      propertyPath: m_LocalPosition.y
      value: 4.215
      objectReference: {fileID: 0}
    - target: {fileID: 4767687881083266752, guid: 5efe5cfbea51211419348394072fc1da, type: 3}
      propertyPath: m_LocalPosition.z
      value: 0
      objectReference: {fileID: 0}
    - target: {fileID: 4767687881083266752, guid: 5efe5cfbea51211419348394072fc1da, type: 3}
      propertyPath: m_LocalRotation.w
      value: 1
      objectReference: {fileID: 0}
    - target: {fileID: 4767687881083266752, guid: 5efe5cfbea51211419348394072fc1da, type: 3}
      propertyPath: m_LocalRotation.x
      value: -0
      objectReference: {fileID: 0}
    - target: {fileID: 4767687881083266752, guid: 5efe5cfbea51211419348394072fc1da, type: 3}
      propertyPath: m_LocalRotation.y
      value: -0
      objectReference: {fileID: 0}
    - target: {fileID: 4767687881083266752, guid: 5efe5cfbea51211419348394072fc1da, type: 3}
      propertyPath: m_LocalRotation.z
      value: -0
      objectReference: {fileID: 0}
    - target: {fileID: 4767687881083266752, guid: 5efe5cfbea51211419348394072fc1da, type: 3}
      propertyPath: m_LocalEulerAnglesHint.x
      value: 0
      objectReference: {fileID: 0}
    - target: {fileID: 4767687881083266752, guid: 5efe5cfbea51211419348394072fc1da, type: 3}
      propertyPath: m_LocalEulerAnglesHint.y
      value: 0
      objectReference: {fileID: 0}
    - target: {fileID: 4767687881083266752, guid: 5efe5cfbea51211419348394072fc1da, type: 3}
      propertyPath: m_LocalEulerAnglesHint.z
      value: 0
      objectReference: {fileID: 0}
    - target: {fileID: 6021701430724679974, guid: 5efe5cfbea51211419348394072fc1da, type: 3}
      propertyPath: m_Name
      value: Wall (3)
      objectReference: {fileID: 0}
    m_RemovedComponents: []
    m_RemovedGameObjects: []
    m_AddedGameObjects: []
    m_AddedComponents: []
  m_SourcePrefab: {fileID: 100100000, guid: 5efe5cfbea51211419348394072fc1da, type: 3}
--- !u!4 &2143277162661580475 stripped
Transform:
  m_CorrespondingSourceObject: {fileID: 4767687881083266752, guid: 5efe5cfbea51211419348394072fc1da, type: 3}
  m_PrefabInstance: {fileID: 6887210988123302011}
  m_PrefabAsset: {fileID: 0}
--- !u!1001 &7683021724005707513
PrefabInstance:
  m_ObjectHideFlags: 0
  serializedVersion: 2
  m_Modification:
    serializedVersion: 3
    m_TransformParent: {fileID: 8979945256680203451}
    m_Modifications:
    - target: {fileID: 4767687881083266752, guid: 5efe5cfbea51211419348394072fc1da, type: 3}
      propertyPath: m_LocalPosition.x
      value: 3.541001
      objectReference: {fileID: 0}
    - target: {fileID: 4767687881083266752, guid: 5efe5cfbea51211419348394072fc1da, type: 3}
      propertyPath: m_LocalPosition.y
      value: -6.6500015
      objectReference: {fileID: 0}
    - target: {fileID: 4767687881083266752, guid: 5efe5cfbea51211419348394072fc1da, type: 3}
      propertyPath: m_LocalPosition.z
      value: 0
      objectReference: {fileID: 0}
    - target: {fileID: 4767687881083266752, guid: 5efe5cfbea51211419348394072fc1da, type: 3}
      propertyPath: m_LocalRotation.w
      value: 0.7071068
      objectReference: {fileID: 0}
    - target: {fileID: 4767687881083266752, guid: 5efe5cfbea51211419348394072fc1da, type: 3}
      propertyPath: m_LocalRotation.x
      value: -0
      objectReference: {fileID: 0}
    - target: {fileID: 4767687881083266752, guid: 5efe5cfbea51211419348394072fc1da, type: 3}
      propertyPath: m_LocalRotation.y
      value: -0
      objectReference: {fileID: 0}
    - target: {fileID: 4767687881083266752, guid: 5efe5cfbea51211419348394072fc1da, type: 3}
      propertyPath: m_LocalRotation.z
      value: 0.7071068
      objectReference: {fileID: 0}
    - target: {fileID: 4767687881083266752, guid: 5efe5cfbea51211419348394072fc1da, type: 3}
      propertyPath: m_LocalEulerAnglesHint.x
      value: 0
      objectReference: {fileID: 0}
    - target: {fileID: 4767687881083266752, guid: 5efe5cfbea51211419348394072fc1da, type: 3}
      propertyPath: m_LocalEulerAnglesHint.y
      value: 0
      objectReference: {fileID: 0}
    - target: {fileID: 4767687881083266752, guid: 5efe5cfbea51211419348394072fc1da, type: 3}
      propertyPath: m_LocalEulerAnglesHint.z
      value: 0
      objectReference: {fileID: 0}
    - target: {fileID: 6021701430724679974, guid: 5efe5cfbea51211419348394072fc1da, type: 3}
      propertyPath: m_Name
      value: Wall (5)
      objectReference: {fileID: 0}
    m_RemovedComponents: []
    m_RemovedGameObjects: []
    m_AddedGameObjects: []
    m_AddedComponents: []
  m_SourcePrefab: {fileID: 100100000, guid: 5efe5cfbea51211419348394072fc1da, type: 3}
--- !u!4 &2933436906838362169 stripped
Transform:
  m_CorrespondingSourceObject: {fileID: 4767687881083266752, guid: 5efe5cfbea51211419348394072fc1da, type: 3}
  m_PrefabInstance: {fileID: 7683021724005707513}
  m_PrefabAsset: {fileID: 0}
--- !u!1001 &7947667576535313702
PrefabInstance:
  m_ObjectHideFlags: 0
  serializedVersion: 2
  m_Modification:
    serializedVersion: 3
    m_TransformParent: {fileID: 8979945256680203451}
    m_Modifications:
    - target: {fileID: 4767687881083266752, guid: 5efe5cfbea51211419348394072fc1da, type: 3}
      propertyPath: m_LocalPosition.x
      value: 6.82
      objectReference: {fileID: 0}
    - target: {fileID: 4767687881083266752, guid: 5efe5cfbea51211419348394072fc1da, type: 3}
      propertyPath: m_LocalPosition.y
      value: 5.32
      objectReference: {fileID: 0}
    - target: {fileID: 4767687881083266752, guid: 5efe5cfbea51211419348394072fc1da, type: 3}
      propertyPath: m_LocalPosition.z
      value: 0
      objectReference: {fileID: 0}
    - target: {fileID: 4767687881083266752, guid: 5efe5cfbea51211419348394072fc1da, type: 3}
      propertyPath: m_LocalRotation.w
      value: 0.7071068
      objectReference: {fileID: 0}
    - target: {fileID: 4767687881083266752, guid: 5efe5cfbea51211419348394072fc1da, type: 3}
      propertyPath: m_LocalRotation.x
      value: 0
      objectReference: {fileID: 0}
    - target: {fileID: 4767687881083266752, guid: 5efe5cfbea51211419348394072fc1da, type: 3}
      propertyPath: m_LocalRotation.y
      value: 0
      objectReference: {fileID: 0}
    - target: {fileID: 4767687881083266752, guid: 5efe5cfbea51211419348394072fc1da, type: 3}
      propertyPath: m_LocalRotation.z
      value: 0.7071068
      objectReference: {fileID: 0}
    - target: {fileID: 4767687881083266752, guid: 5efe5cfbea51211419348394072fc1da, type: 3}
      propertyPath: m_LocalEulerAnglesHint.x
      value: 0
      objectReference: {fileID: 0}
    - target: {fileID: 4767687881083266752, guid: 5efe5cfbea51211419348394072fc1da, type: 3}
      propertyPath: m_LocalEulerAnglesHint.y
      value: 0
      objectReference: {fileID: 0}
    - target: {fileID: 4767687881083266752, guid: 5efe5cfbea51211419348394072fc1da, type: 3}
      propertyPath: m_LocalEulerAnglesHint.z
      value: 90
      objectReference: {fileID: 0}
    - target: {fileID: 6021701430724679974, guid: 5efe5cfbea51211419348394072fc1da, type: 3}
      propertyPath: m_Name
      value: Wall (9)
      objectReference: {fileID: 0}
    m_RemovedComponents: []
    m_RemovedGameObjects: []
    m_AddedGameObjects: []
    m_AddedComponents: []
  m_SourcePrefab: {fileID: 100100000, guid: 5efe5cfbea51211419348394072fc1da, type: 3}
--- !u!4 &3198104750157581286 stripped
Transform:
  m_CorrespondingSourceObject: {fileID: 4767687881083266752, guid: 5efe5cfbea51211419348394072fc1da, type: 3}
  m_PrefabInstance: {fileID: 7947667576535313702}
  m_PrefabAsset: {fileID: 0}
--- !u!1001 &8159001961291365236
PrefabInstance:
  m_ObjectHideFlags: 0
  serializedVersion: 2
  m_Modification:
    serializedVersion: 3
    m_TransformParent: {fileID: 8979945256680203451}
    m_Modifications:
    - target: {fileID: 4767687881083266752, guid: 5efe5cfbea51211419348394072fc1da, type: 3}
      propertyPath: m_LocalPosition.x
      value: -8.080001
      objectReference: {fileID: 0}
    - target: {fileID: 4767687881083266752, guid: 5efe5cfbea51211419348394072fc1da, type: 3}
      propertyPath: m_LocalPosition.y
      value: 1.004
      objectReference: {fileID: 0}
    - target: {fileID: 4767687881083266752, guid: 5efe5cfbea51211419348394072fc1da, type: 3}
      propertyPath: m_LocalPosition.z
      value: 0
      objectReference: {fileID: 0}
    - target: {fileID: 4767687881083266752, guid: 5efe5cfbea51211419348394072fc1da, type: 3}
      propertyPath: m_LocalRotation.w
      value: 1
      objectReference: {fileID: 0}
    - target: {fileID: 4767687881083266752, guid: 5efe5cfbea51211419348394072fc1da, type: 3}
      propertyPath: m_LocalRotation.x
      value: -0
      objectReference: {fileID: 0}
    - target: {fileID: 4767687881083266752, guid: 5efe5cfbea51211419348394072fc1da, type: 3}
      propertyPath: m_LocalRotation.y
      value: -0
      objectReference: {fileID: 0}
    - target: {fileID: 4767687881083266752, guid: 5efe5cfbea51211419348394072fc1da, type: 3}
      propertyPath: m_LocalRotation.z
      value: -0
      objectReference: {fileID: 0}
    - target: {fileID: 4767687881083266752, guid: 5efe5cfbea51211419348394072fc1da, type: 3}
      propertyPath: m_LocalEulerAnglesHint.x
      value: 0
      objectReference: {fileID: 0}
    - target: {fileID: 4767687881083266752, guid: 5efe5cfbea51211419348394072fc1da, type: 3}
      propertyPath: m_LocalEulerAnglesHint.y
      value: 0
      objectReference: {fileID: 0}
    - target: {fileID: 4767687881083266752, guid: 5efe5cfbea51211419348394072fc1da, type: 3}
      propertyPath: m_LocalEulerAnglesHint.z
      value: 0
      objectReference: {fileID: 0}
    - target: {fileID: 6021701430724679974, guid: 5efe5cfbea51211419348394072fc1da, type: 3}
      propertyPath: m_Name
      value: Wall (2)
      objectReference: {fileID: 0}
    m_RemovedComponents: []
    m_RemovedGameObjects: []
    m_AddedGameObjects: []
    m_AddedComponents: []
  m_SourcePrefab: {fileID: 100100000, guid: 5efe5cfbea51211419348394072fc1da, type: 3}
--- !u!4 &3679621010108947892 stripped
Transform:
  m_CorrespondingSourceObject: {fileID: 4767687881083266752, guid: 5efe5cfbea51211419348394072fc1da, type: 3}
  m_PrefabInstance: {fileID: 8159001961291365236}
  m_PrefabAsset: {fileID: 0}
--- !u!1001 &8307133194622991856
PrefabInstance:
  m_ObjectHideFlags: 0
  serializedVersion: 2
  m_Modification:
    serializedVersion: 3
    m_TransformParent: {fileID: 8979945256680203451}
    m_Modifications:
    - target: {fileID: 4767687881083266752, guid: 5efe5cfbea51211419348394072fc1da, type: 3}
      propertyPath: m_LocalPosition.x
      value: 8.699999
      objectReference: {fileID: 0}
    - target: {fileID: 4767687881083266752, guid: 5efe5cfbea51211419348394072fc1da, type: 3}
      propertyPath: m_LocalPosition.y
      value: 7.4360003
      objectReference: {fileID: 0}
    - target: {fileID: 4767687881083266752, guid: 5efe5cfbea51211419348394072fc1da, type: 3}
      propertyPath: m_LocalPosition.z
      value: 0
      objectReference: {fileID: 0}
    - target: {fileID: 4767687881083266752, guid: 5efe5cfbea51211419348394072fc1da, type: 3}
      propertyPath: m_LocalRotation.w
      value: 1
      objectReference: {fileID: 0}
    - target: {fileID: 4767687881083266752, guid: 5efe5cfbea51211419348394072fc1da, type: 3}
      propertyPath: m_LocalRotation.x
      value: -0
      objectReference: {fileID: 0}
    - target: {fileID: 4767687881083266752, guid: 5efe5cfbea51211419348394072fc1da, type: 3}
      propertyPath: m_LocalRotation.y
      value: -0
      objectReference: {fileID: 0}
    - target: {fileID: 4767687881083266752, guid: 5efe5cfbea51211419348394072fc1da, type: 3}
      propertyPath: m_LocalRotation.z
      value: -0
      objectReference: {fileID: 0}
    - target: {fileID: 4767687881083266752, guid: 5efe5cfbea51211419348394072fc1da, type: 3}
      propertyPath: m_LocalEulerAnglesHint.x
      value: 0
      objectReference: {fileID: 0}
    - target: {fileID: 4767687881083266752, guid: 5efe5cfbea51211419348394072fc1da, type: 3}
      propertyPath: m_LocalEulerAnglesHint.y
      value: 0
      objectReference: {fileID: 0}
    - target: {fileID: 4767687881083266752, guid: 5efe5cfbea51211419348394072fc1da, type: 3}
      propertyPath: m_LocalEulerAnglesHint.z
      value: 0
      objectReference: {fileID: 0}
    - target: {fileID: 6021701430724679974, guid: 5efe5cfbea51211419348394072fc1da, type: 3}
      propertyPath: m_Name
      value: Wall (4)
      objectReference: {fileID: 0}
    m_RemovedComponents: []
    m_RemovedGameObjects: []
    m_AddedGameObjects: []
    m_AddedComponents: []
  m_SourcePrefab: {fileID: 100100000, guid: 5efe5cfbea51211419348394072fc1da, type: 3}
--- !u!4 &3558661186222086960 stripped
Transform:
  m_CorrespondingSourceObject: {fileID: 4767687881083266752, guid: 5efe5cfbea51211419348394072fc1da, type: 3}
  m_PrefabInstance: {fileID: 8307133194622991856}
  m_PrefabAsset: {fileID: 0}
--- !u!1001 &8672507010892988111
PrefabInstance:
  m_ObjectHideFlags: 0
  serializedVersion: 2
  m_Modification:
    serializedVersion: 3
    m_TransformParent: {fileID: 8979945256680203451}
    m_Modifications:
    - target: {fileID: 4767687881083266752, guid: 5efe5cfbea51211419348394072fc1da, type: 3}
      propertyPath: m_LocalPosition.x
      value: -8.080001
      objectReference: {fileID: 0}
    - target: {fileID: 4767687881083266752, guid: 5efe5cfbea51211419348394072fc1da, type: 3}
      propertyPath: m_LocalPosition.y
      value: 7.4360003
      objectReference: {fileID: 0}
    - target: {fileID: 4767687881083266752, guid: 5efe5cfbea51211419348394072fc1da, type: 3}
      propertyPath: m_LocalPosition.z
      value: 0
      objectReference: {fileID: 0}
    - target: {fileID: 4767687881083266752, guid: 5efe5cfbea51211419348394072fc1da, type: 3}
      propertyPath: m_LocalRotation.w
      value: 1
      objectReference: {fileID: 0}
    - target: {fileID: 4767687881083266752, guid: 5efe5cfbea51211419348394072fc1da, type: 3}
      propertyPath: m_LocalRotation.x
      value: -0
      objectReference: {fileID: 0}
    - target: {fileID: 4767687881083266752, guid: 5efe5cfbea51211419348394072fc1da, type: 3}
      propertyPath: m_LocalRotation.y
      value: -0
      objectReference: {fileID: 0}
    - target: {fileID: 4767687881083266752, guid: 5efe5cfbea51211419348394072fc1da, type: 3}
      propertyPath: m_LocalRotation.z
      value: -0
      objectReference: {fileID: 0}
    - target: {fileID: 4767687881083266752, guid: 5efe5cfbea51211419348394072fc1da, type: 3}
      propertyPath: m_LocalEulerAnglesHint.x
      value: 0
      objectReference: {fileID: 0}
    - target: {fileID: 4767687881083266752, guid: 5efe5cfbea51211419348394072fc1da, type: 3}
      propertyPath: m_LocalEulerAnglesHint.y
      value: 0
      objectReference: {fileID: 0}
    - target: {fileID: 4767687881083266752, guid: 5efe5cfbea51211419348394072fc1da, type: 3}
      propertyPath: m_LocalEulerAnglesHint.z
      value: 0
      objectReference: {fileID: 0}
    - target: {fileID: 6021701430724679974, guid: 5efe5cfbea51211419348394072fc1da, type: 3}
      propertyPath: m_Name
      value: Wall (4)
      objectReference: {fileID: 0}
    m_RemovedComponents: []
    m_RemovedGameObjects: []
    m_AddedGameObjects: []
    m_AddedComponents: []
  m_SourcePrefab: {fileID: 100100000, guid: 5efe5cfbea51211419348394072fc1da, type: 3}
--- !u!4 &4211100892985513999 stripped
Transform:
  m_CorrespondingSourceObject: {fileID: 4767687881083266752, guid: 5efe5cfbea51211419348394072fc1da, type: 3}
  m_PrefabInstance: {fileID: 8672507010892988111}
  m_PrefabAsset: {fileID: 0}
--- !u!1001 &8714468781289067071
PrefabInstance:
  m_ObjectHideFlags: 0
  serializedVersion: 2
  m_Modification:
    serializedVersion: 3
    m_TransformParent: {fileID: 8979945256680203451}
    m_Modifications:
    - target: {fileID: 4767687881083266752, guid: 5efe5cfbea51211419348394072fc1da, type: 3}
      propertyPath: m_LocalPosition.x
      value: -6.24
      objectReference: {fileID: 0}
    - target: {fileID: 4767687881083266752, guid: 5efe5cfbea51211419348394072fc1da, type: 3}
      propertyPath: m_LocalPosition.y
      value: -1.55
      objectReference: {fileID: 0}
    - target: {fileID: 4767687881083266752, guid: 5efe5cfbea51211419348394072fc1da, type: 3}
      propertyPath: m_LocalPosition.z
      value: 0
      objectReference: {fileID: 0}
    - target: {fileID: 4767687881083266752, guid: 5efe5cfbea51211419348394072fc1da, type: 3}
      propertyPath: m_LocalRotation.w
      value: 0.7071068
      objectReference: {fileID: 0}
    - target: {fileID: 4767687881083266752, guid: 5efe5cfbea51211419348394072fc1da, type: 3}
      propertyPath: m_LocalRotation.x
      value: 0
      objectReference: {fileID: 0}
    - target: {fileID: 4767687881083266752, guid: 5efe5cfbea51211419348394072fc1da, type: 3}
      propertyPath: m_LocalRotation.y
      value: 0
      objectReference: {fileID: 0}
    - target: {fileID: 4767687881083266752, guid: 5efe5cfbea51211419348394072fc1da, type: 3}
      propertyPath: m_LocalRotation.z
      value: 0.7071068
      objectReference: {fileID: 0}
    - target: {fileID: 4767687881083266752, guid: 5efe5cfbea51211419348394072fc1da, type: 3}
      propertyPath: m_LocalEulerAnglesHint.x
      value: 0
      objectReference: {fileID: 0}
    - target: {fileID: 4767687881083266752, guid: 5efe5cfbea51211419348394072fc1da, type: 3}
      propertyPath: m_LocalEulerAnglesHint.y
      value: 0
      objectReference: {fileID: 0}
    - target: {fileID: 4767687881083266752, guid: 5efe5cfbea51211419348394072fc1da, type: 3}
      propertyPath: m_LocalEulerAnglesHint.z
      value: 90
      objectReference: {fileID: 0}
    - target: {fileID: 6021701430724679974, guid: 5efe5cfbea51211419348394072fc1da, type: 3}
      propertyPath: m_Name
      value: Wall (6)
      objectReference: {fileID: 0}
    m_RemovedComponents: []
    m_RemovedGameObjects: []
    m_AddedGameObjects: []
    m_AddedComponents: []
  m_SourcePrefab: {fileID: 100100000, guid: 5efe5cfbea51211419348394072fc1da, type: 3}
--- !u!4 &4240765708068222207 stripped
Transform:
  m_CorrespondingSourceObject: {fileID: 4767687881083266752, guid: 5efe5cfbea51211419348394072fc1da, type: 3}
  m_PrefabInstance: {fileID: 8714468781289067071}
  m_PrefabAsset: {fileID: 0}
--- !u!1001 &8759610491601010863
PrefabInstance:
  m_ObjectHideFlags: 0
  serializedVersion: 2
  m_Modification:
    serializedVersion: 3
    m_TransformParent: {fileID: 8979945256680203451}
    m_Modifications:
    - target: {fileID: 4767687881083266752, guid: 5efe5cfbea51211419348394072fc1da, type: 3}
      propertyPath: m_LocalPosition.x
      value: 1.66
      objectReference: {fileID: 0}
    - target: {fileID: 4767687881083266752, guid: 5efe5cfbea51211419348394072fc1da, type: 3}
      propertyPath: m_LocalPosition.y
      value: 3.5
      objectReference: {fileID: 0}
    - target: {fileID: 4767687881083266752, guid: 5efe5cfbea51211419348394072fc1da, type: 3}
      propertyPath: m_LocalPosition.z
      value: 0
      objectReference: {fileID: 0}
    - target: {fileID: 4767687881083266752, guid: 5efe5cfbea51211419348394072fc1da, type: 3}
      propertyPath: m_LocalRotation.w
      value: 0.7071068
      objectReference: {fileID: 0}
    - target: {fileID: 4767687881083266752, guid: 5efe5cfbea51211419348394072fc1da, type: 3}
      propertyPath: m_LocalRotation.x
      value: 0
      objectReference: {fileID: 0}
    - target: {fileID: 4767687881083266752, guid: 5efe5cfbea51211419348394072fc1da, type: 3}
      propertyPath: m_LocalRotation.y
      value: 0
      objectReference: {fileID: 0}
    - target: {fileID: 4767687881083266752, guid: 5efe5cfbea51211419348394072fc1da, type: 3}
      propertyPath: m_LocalRotation.z
      value: 0.7071068
      objectReference: {fileID: 0}
    - target: {fileID: 4767687881083266752, guid: 5efe5cfbea51211419348394072fc1da, type: 3}
      propertyPath: m_LocalEulerAnglesHint.x
      value: 0
      objectReference: {fileID: 0}
    - target: {fileID: 4767687881083266752, guid: 5efe5cfbea51211419348394072fc1da, type: 3}
      propertyPath: m_LocalEulerAnglesHint.y
      value: 0
      objectReference: {fileID: 0}
    - target: {fileID: 4767687881083266752, guid: 5efe5cfbea51211419348394072fc1da, type: 3}
      propertyPath: m_LocalEulerAnglesHint.z
      value: 90
      objectReference: {fileID: 0}
    - target: {fileID: 6021701430724679974, guid: 5efe5cfbea51211419348394072fc1da, type: 3}
      propertyPath: m_Name
      value: Wall (8)
      objectReference: {fileID: 0}
    m_RemovedComponents: []
    m_RemovedGameObjects: []
    m_AddedGameObjects: []
    m_AddedComponents: []
  m_SourcePrefab: {fileID: 100100000, guid: 5efe5cfbea51211419348394072fc1da, type: 3}
--- !u!4 &4303850847396095599 stripped
Transform:
  m_CorrespondingSourceObject: {fileID: 4767687881083266752, guid: 5efe5cfbea51211419348394072fc1da, type: 3}
  m_PrefabInstance: {fileID: 8759610491601010863}
  m_PrefabAsset: {fileID: 0}
--- !u!1001 &9023783107615299782
PrefabInstance:
  m_ObjectHideFlags: 0
  serializedVersion: 2
  m_Modification:
    serializedVersion: 3
    m_TransformParent: {fileID: 8979945256680203451}
    m_Modifications:
    - target: {fileID: 4767687881083266752, guid: 5efe5cfbea51211419348394072fc1da, type: 3}
      propertyPath: m_LocalPosition.x
      value: -3.03
      objectReference: {fileID: 0}
    - target: {fileID: 4767687881083266752, guid: 5efe5cfbea51211419348394072fc1da, type: 3}
      propertyPath: m_LocalPosition.y
      value: 3.58
      objectReference: {fileID: 0}
    - target: {fileID: 4767687881083266752, guid: 5efe5cfbea51211419348394072fc1da, type: 3}
      propertyPath: m_LocalPosition.z
      value: 0
      objectReference: {fileID: 0}
    - target: {fileID: 4767687881083266752, guid: 5efe5cfbea51211419348394072fc1da, type: 3}
      propertyPath: m_LocalRotation.w
      value: 1
      objectReference: {fileID: 0}
    - target: {fileID: 4767687881083266752, guid: 5efe5cfbea51211419348394072fc1da, type: 3}
      propertyPath: m_LocalRotation.x
      value: 0
      objectReference: {fileID: 0}
    - target: {fileID: 4767687881083266752, guid: 5efe5cfbea51211419348394072fc1da, type: 3}
      propertyPath: m_LocalRotation.y
      value: 0
      objectReference: {fileID: 0}
    - target: {fileID: 4767687881083266752, guid: 5efe5cfbea51211419348394072fc1da, type: 3}
      propertyPath: m_LocalRotation.z
      value: 0
      objectReference: {fileID: 0}
    - target: {fileID: 4767687881083266752, guid: 5efe5cfbea51211419348394072fc1da, type: 3}
      propertyPath: m_LocalEulerAnglesHint.x
      value: 0
      objectReference: {fileID: 0}
    - target: {fileID: 4767687881083266752, guid: 5efe5cfbea51211419348394072fc1da, type: 3}
      propertyPath: m_LocalEulerAnglesHint.y
      value: 0
      objectReference: {fileID: 0}
    - target: {fileID: 4767687881083266752, guid: 5efe5cfbea51211419348394072fc1da, type: 3}
      propertyPath: m_LocalEulerAnglesHint.z
      value: 0
      objectReference: {fileID: 0}
    - target: {fileID: 6021701430724679974, guid: 5efe5cfbea51211419348394072fc1da, type: 3}
      propertyPath: m_Name
      value: Wall (3)
      objectReference: {fileID: 0}
    m_RemovedComponents: []
    m_RemovedGameObjects: []
    m_AddedGameObjects: []
    m_AddedComponents: []
  m_SourcePrefab: {fileID: 100100000, guid: 5efe5cfbea51211419348394072fc1da, type: 3}
--- !u!4 &4544360942358740486 stripped
Transform:
  m_CorrespondingSourceObject: {fileID: 4767687881083266752, guid: 5efe5cfbea51211419348394072fc1da, type: 3}
  m_PrefabInstance: {fileID: 9023783107615299782}
  m_PrefabAsset: {fileID: 0}
