%YAML 1.1
%TAG !u! tag:unity3d.com,2011:
--- !u!29 &1
OcclusionCullingSettings:
  m_ObjectHideFlags: 0
  serializedVersion: 2
  m_OcclusionBakeSettings:
    smallestOccluder: 5
    smallestHole: 0.25
    backfaceThreshold: 100
  m_SceneGUID: 00000000000000000000000000000000
  m_OcclusionCullingData: {fileID: 0}
--- !u!104 &2
RenderSettings:
  m_ObjectHideFlags: 0
  serializedVersion: 9
  m_Fog: 0
  m_FogColor: {r: 0.5, g: 0.5, b: 0.5, a: 1}
  m_FogMode: 3
  m_FogDensity: 0.01
  m_LinearFogStart: 0
  m_LinearFogEnd: 300
  m_AmbientSkyColor: {r: 0.212, g: 0.227, b: 0.259, a: 1}
  m_AmbientEquatorColor: {r: 0.114, g: 0.125, b: 0.133, a: 1}
  m_AmbientGroundColor: {r: 0.047, g: 0.043, b: 0.035, a: 1}
  m_AmbientIntensity: 1
  m_AmbientMode: 3
  m_SubtractiveShadowColor: {r: 0.42, g: 0.478, b: 0.627, a: 1}
  m_SkyboxMaterial: {fileID: 0}
  m_HaloStrength: 0.5
  m_FlareStrength: 1
  m_FlareFadeSpeed: 3
  m_HaloTexture: {fileID: 0}
  m_SpotCookie: {fileID: 10001, guid: 0000000000000000e000000000000000, type: 0}
  m_DefaultReflectionMode: 0
  m_DefaultReflectionResolution: 128
  m_ReflectionBounces: 1
  m_ReflectionIntensity: 1
  m_CustomReflection: {fileID: 0}
  m_Sun: {fileID: 0}
  m_IndirectSpecularColor: {r: 0, g: 0, b: 0, a: 1}
  m_UseRadianceAmbientProbe: 0
--- !u!157 &3
LightmapSettings:
  m_ObjectHideFlags: 0
  serializedVersion: 12
  m_GIWorkflowMode: 1
  m_GISettings:
    serializedVersion: 2
    m_BounceScale: 1
    m_IndirectOutputScale: 1
    m_AlbedoBoost: 1
    m_EnvironmentLightingMode: 0
    m_EnableBakedLightmaps: 0
    m_EnableRealtimeLightmaps: 0
  m_LightmapEditorSettings:
    serializedVersion: 12
    m_Resolution: 2
    m_BakeResolution: 40
    m_AtlasSize: 1024
    m_AO: 0
    m_AOMaxDistance: 1
    m_CompAOExponent: 1
    m_CompAOExponentDirect: 0
    m_ExtractAmbientOcclusion: 0
    m_Padding: 2
    m_LightmapParameters: {fileID: 0}
    m_LightmapsBakeMode: 1
    m_TextureCompression: 1
    m_FinalGather: 0
    m_FinalGatherFiltering: 1
    m_FinalGatherRayCount: 256
    m_ReflectionCompression: 2
    m_MixedBakeMode: 2
    m_BakeBackend: 1
    m_PVRSampling: 1
    m_PVRDirectSampleCount: 32
    m_PVRSampleCount: 512
    m_PVRBounces: 2
    m_PVREnvironmentSampleCount: 256
    m_PVREnvironmentReferencePointCount: 2048
    m_PVRFilteringMode: 1
    m_PVRDenoiserTypeDirect: 1
    m_PVRDenoiserTypeIndirect: 1
    m_PVRDenoiserTypeAO: 1
    m_PVRFilterTypeDirect: 0
    m_PVRFilterTypeIndirect: 0
    m_PVRFilterTypeAO: 0
    m_PVREnvironmentMIS: 1
    m_PVRCulling: 1
    m_PVRFilteringGaussRadiusDirect: 1
    m_PVRFilteringGaussRadiusIndirect: 5
    m_PVRFilteringGaussRadiusAO: 2
    m_PVRFilteringAtrousPositionSigmaDirect: 0.5
    m_PVRFilteringAtrousPositionSigmaIndirect: 2
    m_PVRFilteringAtrousPositionSigmaAO: 1
    m_ExportTrainingData: 0
    m_TrainingDataDestination: TrainingData
    m_LightProbeSampleCountMultiplier: 4
  m_LightingDataAsset: {fileID: 0}
  m_LightingSettings: {fileID: 0}
--- !u!196 &4
NavMeshSettings:
  serializedVersion: 2
  m_ObjectHideFlags: 0
  m_BuildSettings:
    serializedVersion: 3
    agentTypeID: 0
    agentRadius: 0.5
    agentHeight: 2
    agentSlope: 45
    agentClimb: 0.4
    ledgeDropHeight: 0
    maxJumpAcrossDistance: 0
    minRegionArea: 2
    manualCellSize: 0
    cellSize: 0.16666667
    manualTileSize: 0
    tileSize: 256
    buildHeightMesh: 0
    maxJobWorkers: 0
    preserveTilesOutsideBounds: 0
    debug:
      m_Flags: 0
  m_NavMeshData: {fileID: 0}
--- !u!1001 &28552721
PrefabInstance:
  m_ObjectHideFlags: 0
  serializedVersion: 2
  m_Modification:
    serializedVersion: 3
    m_TransformParent: {fileID: 0}
    m_Modifications:
    - target: {fileID: 3309351798300507638, guid: 054549e284d3ecb4da95ab9e85fb1f4c, type: 3}
      propertyPath: m_IsActive
      value: 1
      objectReference: {fileID: 0}
    - target: {fileID: 3904739654034446587, guid: 054549e284d3ecb4da95ab9e85fb1f4c, type: 3}
      propertyPath: m_Camera
      value: 
      objectReference: {fileID: 1970369522}
    - target: {fileID: 3904739654034446587, guid: 054549e284d3ecb4da95ab9e85fb1f4c, type: 3}
      propertyPath: m_RenderMode
      value: 1
      objectReference: {fileID: 0}
    - target: {fileID: 3904739654034446587, guid: 054549e284d3ecb4da95ab9e85fb1f4c, type: 3}
      propertyPath: m_SortingOrder
      value: 1
      objectReference: {fileID: 0}
    - target: {fileID: 5176364239290765012, guid: 054549e284d3ecb4da95ab9e85fb1f4c, type: 3}
      propertyPath: m_Name
      value: Pause Screen
      objectReference: {fileID: 0}
    - target: {fileID: 7111443716311452672, guid: 054549e284d3ecb4da95ab9e85fb1f4c, type: 3}
      propertyPath: m_LocalPosition.x
      value: 0
      objectReference: {fileID: 0}
    - target: {fileID: 7111443716311452672, guid: 054549e284d3ecb4da95ab9e85fb1f4c, type: 3}
      propertyPath: m_LocalPosition.y
      value: 0
      objectReference: {fileID: 0}
    - target: {fileID: 7111443716311452672, guid: 054549e284d3ecb4da95ab9e85fb1f4c, type: 3}
      propertyPath: m_LocalPosition.z
      value: 0
      objectReference: {fileID: 0}
    - target: {fileID: 7111443716311452672, guid: 054549e284d3ecb4da95ab9e85fb1f4c, type: 3}
      propertyPath: m_LocalRotation.w
      value: 1
      objectReference: {fileID: 0}
    - target: {fileID: 7111443716311452672, guid: 054549e284d3ecb4da95ab9e85fb1f4c, type: 3}
      propertyPath: m_LocalRotation.x
      value: 0
      objectReference: {fileID: 0}
    - target: {fileID: 7111443716311452672, guid: 054549e284d3ecb4da95ab9e85fb1f4c, type: 3}
      propertyPath: m_LocalRotation.y
      value: 0
      objectReference: {fileID: 0}
    - target: {fileID: 7111443716311452672, guid: 054549e284d3ecb4da95ab9e85fb1f4c, type: 3}
      propertyPath: m_LocalRotation.z
      value: 0
      objectReference: {fileID: 0}
    - target: {fileID: 7111443716311452672, guid: 054549e284d3ecb4da95ab9e85fb1f4c, type: 3}
      propertyPath: m_LocalEulerAnglesHint.x
      value: 0
      objectReference: {fileID: 0}
    - target: {fileID: 7111443716311452672, guid: 054549e284d3ecb4da95ab9e85fb1f4c, type: 3}
      propertyPath: m_LocalEulerAnglesHint.y
      value: 0
      objectReference: {fileID: 0}
    - target: {fileID: 7111443716311452672, guid: 054549e284d3ecb4da95ab9e85fb1f4c, type: 3}
      propertyPath: m_LocalEulerAnglesHint.z
      value: 0
      objectReference: {fileID: 0}
    - target: {fileID: 7382797008400604012, guid: 054549e284d3ecb4da95ab9e85fb1f4c, type: 3}
      propertyPath: m_Layer
      value: 5
      objectReference: {fileID: 0}
    - target: {fileID: 7382797008400604012, guid: 054549e284d3ecb4da95ab9e85fb1f4c, type: 3}
      propertyPath: m_IsActive
      value: 0
      objectReference: {fileID: 0}
    m_RemovedComponents: []
    m_RemovedGameObjects: []
    m_AddedGameObjects: []
    m_AddedComponents: []
  m_SourcePrefab: {fileID: 100100000, guid: 054549e284d3ecb4da95ab9e85fb1f4c, type: 3}
--- !u!4 &124266497 stripped
Transform:
  m_CorrespondingSourceObject: {fileID: 3750511808211159848, guid: b8e9f312500e3aa4ab6913868a9ad709, type: 3}
  m_PrefabInstance: {fileID: 1687244808}
  m_PrefabAsset: {fileID: 0}
--- !u!1001 &128617431
PrefabInstance:
  m_ObjectHideFlags: 0
  serializedVersion: 2
  m_Modification:
    serializedVersion: 3
    m_TransformParent: {fileID: 0}
    m_Modifications:
    - target: {fileID: 2969254251487990144, guid: 45341f930b7c0134fb1d9692e482dc4c, type: 3}
      propertyPath: m_LocalPosition.x
      value: -0.07121884
      objectReference: {fileID: 0}
    - target: {fileID: 2969254251487990144, guid: 45341f930b7c0134fb1d9692e482dc4c, type: 3}
      propertyPath: m_LocalPosition.y
      value: 0.30247974
      objectReference: {fileID: 0}
    - target: {fileID: 2969254251487990144, guid: 45341f930b7c0134fb1d9692e482dc4c, type: 3}
      propertyPath: m_LocalPosition.z
      value: -0.02673294
      objectReference: {fileID: 0}
    - target: {fileID: 2969254251487990144, guid: 45341f930b7c0134fb1d9692e482dc4c, type: 3}
      propertyPath: m_LocalRotation.w
      value: 1
      objectReference: {fileID: 0}
    - target: {fileID: 2969254251487990144, guid: 45341f930b7c0134fb1d9692e482dc4c, type: 3}
      propertyPath: m_LocalRotation.x
      value: 0
      objectReference: {fileID: 0}
    - target: {fileID: 2969254251487990144, guid: 45341f930b7c0134fb1d9692e482dc4c, type: 3}
      propertyPath: m_LocalRotation.y
      value: 0
      objectReference: {fileID: 0}
    - target: {fileID: 2969254251487990144, guid: 45341f930b7c0134fb1d9692e482dc4c, type: 3}
      propertyPath: m_LocalRotation.z
      value: 0
      objectReference: {fileID: 0}
    - target: {fileID: 2969254251487990144, guid: 45341f930b7c0134fb1d9692e482dc4c, type: 3}
      propertyPath: m_LocalEulerAnglesHint.x
      value: 0
      objectReference: {fileID: 0}
    - target: {fileID: 2969254251487990144, guid: 45341f930b7c0134fb1d9692e482dc4c, type: 3}
      propertyPath: m_LocalEulerAnglesHint.y
      value: 0
      objectReference: {fileID: 0}
    - target: {fileID: 2969254251487990144, guid: 45341f930b7c0134fb1d9692e482dc4c, type: 3}
      propertyPath: m_LocalEulerAnglesHint.z
      value: 0
      objectReference: {fileID: 0}
    - target: {fileID: 4847804143268112495, guid: 45341f930b7c0134fb1d9692e482dc4c, type: 3}
      propertyPath: m_Name
      value: PlacableController
      objectReference: {fileID: 0}
    m_RemovedComponents: []
    m_RemovedGameObjects: []
    m_AddedGameObjects: []
    m_AddedComponents: []
  m_SourcePrefab: {fileID: 100100000, guid: 45341f930b7c0134fb1d9692e482dc4c, type: 3}
--- !u!1 &137956314
GameObject:
  m_ObjectHideFlags: 0
  m_CorrespondingSourceObject: {fileID: 0}
  m_PrefabInstance: {fileID: 0}
  m_PrefabAsset: {fileID: 0}
  serializedVersion: 6
  m_Component:
  - component: {fileID: 137956315}
  - component: {fileID: 137956316}
  m_Layer: 0
  m_Name: Background (3)
  m_TagString: Untagged
  m_Icon: {fileID: 0}
  m_NavMeshLayer: 0
  m_StaticEditorFlags: 0
  m_IsActive: 1
--- !u!4 &137956315
Transform:
  m_ObjectHideFlags: 0
  m_CorrespondingSourceObject: {fileID: 0}
  m_PrefabInstance: {fileID: 0}
  m_PrefabAsset: {fileID: 0}
  m_GameObject: {fileID: 137956314}
  serializedVersion: 2
  m_LocalRotation: {x: 0, y: 0, z: 0, w: 1}
  m_LocalPosition: {x: 2.49, y: 0, z: 0}
  m_LocalScale: {x: 0.1, y: 0.1, z: 0.1}
  m_ConstrainProportionsScale: 1
  m_Children: []
  m_Father: {fileID: 2036501006}
  m_LocalEulerAnglesHint: {x: 0, y: 0, z: 0}
--- !u!212 &137956316
SpriteRenderer:
  m_ObjectHideFlags: 0
  m_CorrespondingSourceObject: {fileID: 0}
  m_PrefabInstance: {fileID: 0}
  m_PrefabAsset: {fileID: 0}
  m_GameObject: {fileID: 137956314}
  m_Enabled: 1
  m_CastShadows: 0
  m_ReceiveShadows: 0
  m_DynamicOccludee: 1
  m_StaticShadowCaster: 0
  m_MotionVectors: 1
  m_LightProbeUsage: 1
  m_ReflectionProbeUsage: 1
  m_RayTracingMode: 0
  m_RayTraceProcedural: 0
  m_RenderingLayerMask: 1
  m_RendererPriority: 0
  m_Materials:
  - {fileID: 2100000, guid: a97c105638bdf8b4a8650670310a4cd3, type: 2}
  m_StaticBatchInfo:
    firstSubMesh: 0
    subMeshCount: 0
  m_StaticBatchRoot: {fileID: 0}
  m_ProbeAnchor: {fileID: 0}
  m_LightProbeVolumeOverride: {fileID: 0}
  m_ScaleInLightmap: 1
  m_ReceiveGI: 1
  m_PreserveUVs: 0
  m_IgnoreNormalsForChartDetection: 0
  m_ImportantGI: 0
  m_StitchLightmapSeams: 1
  m_SelectedEditorRenderState: 0
  m_MinimumChartSize: 4
  m_AutoUVMaxDistance: 0.5
  m_AutoUVMaxAngle: 89
  m_LightmapParameters: {fileID: 0}
  m_SortingLayerID: 0
  m_SortingLayer: 0
  m_SortingOrder: 3
  m_Sprite: {fileID: 21300000, guid: d0c19ef17e89b2d439de986c59a35243, type: 3}
  m_Color: {r: 1, g: 1, b: 1, a: 1}
  m_FlipX: 0
  m_FlipY: 0
  m_DrawMode: 2
  m_Size: {x: 33.83, y: 67.4}
  m_AdaptiveModeThreshold: 0.5
  m_SpriteTileMode: 0
  m_WasSpriteAssigned: 1
  m_MaskInteraction: 0
  m_SpriteSortPoint: 0
--- !u!1 &230984005 stripped
GameObject:
  m_CorrespondingSourceObject: {fileID: 2929089618800198169, guid: 10b02d9e6c3a9994cacb2e41e0d30fec, type: 3}
  m_PrefabInstance: {fileID: 7784194359595691297}
  m_PrefabAsset: {fileID: 0}
--- !u!114 &230984006
MonoBehaviour:
  m_ObjectHideFlags: 0
  m_CorrespondingSourceObject: {fileID: 0}
  m_PrefabInstance: {fileID: 0}
  m_PrefabAsset: {fileID: 0}
  m_GameObject: {fileID: 230984005}
  m_Enabled: 1
  m_EditorHideFlags: 0
  m_Script: {fileID: 11500000, guid: e6aec054ee33e6a48a109d306b3c0c55, type: 3}
  m_Name: 
  m_EditorClassIdentifier: 
  volumeGain: 1
  musicGain: 0.3
  soundEffectGain: 0.2
  masterDeaf: 0
  isMaster: 1
  volume: 1
  source: {fileID: 0}
--- !u!1 &290098183
GameObject:
  m_ObjectHideFlags: 0
  m_CorrespondingSourceObject: {fileID: 0}
  m_PrefabInstance: {fileID: 0}
  m_PrefabAsset: {fileID: 0}
  serializedVersion: 6
  m_Component:
  - component: {fileID: 290098184}
  - component: {fileID: 290098185}
  m_Layer: 0
  m_Name: Background (2)
  m_TagString: Untagged
  m_Icon: {fileID: 0}
  m_NavMeshLayer: 0
  m_StaticEditorFlags: 0
  m_IsActive: 1
--- !u!4 &290098184
Transform:
  m_ObjectHideFlags: 0
  m_CorrespondingSourceObject: {fileID: 0}
  m_PrefabInstance: {fileID: 0}
  m_PrefabAsset: {fileID: 0}
  m_GameObject: {fileID: 290098183}
  serializedVersion: 2
  m_LocalRotation: {x: 0, y: 0, z: 0, w: 1}
  m_LocalPosition: {x: -2.42, y: 0, z: 0}
  m_LocalScale: {x: 0.1, y: 0.1, z: 0.1}
  m_ConstrainProportionsScale: 1
  m_Children: []
  m_Father: {fileID: 2036501006}
  m_LocalEulerAnglesHint: {x: 0, y: 0, z: 0}
--- !u!212 &290098185
SpriteRenderer:
  m_ObjectHideFlags: 0
  m_CorrespondingSourceObject: {fileID: 0}
  m_PrefabInstance: {fileID: 0}
  m_PrefabAsset: {fileID: 0}
  m_GameObject: {fileID: 290098183}
  m_Enabled: 1
  m_CastShadows: 0
  m_ReceiveShadows: 0
  m_DynamicOccludee: 1
  m_StaticShadowCaster: 0
  m_MotionVectors: 1
  m_LightProbeUsage: 1
  m_ReflectionProbeUsage: 1
  m_RayTracingMode: 0
  m_RayTraceProcedural: 0
  m_RenderingLayerMask: 1
  m_RendererPriority: 0
  m_Materials:
  - {fileID: 2100000, guid: a97c105638bdf8b4a8650670310a4cd3, type: 2}
  m_StaticBatchInfo:
    firstSubMesh: 0
    subMeshCount: 0
  m_StaticBatchRoot: {fileID: 0}
  m_ProbeAnchor: {fileID: 0}
  m_LightProbeVolumeOverride: {fileID: 0}
  m_ScaleInLightmap: 1
  m_ReceiveGI: 1
  m_PreserveUVs: 0
  m_IgnoreNormalsForChartDetection: 0
  m_ImportantGI: 0
  m_StitchLightmapSeams: 1
  m_SelectedEditorRenderState: 0
  m_MinimumChartSize: 4
  m_AutoUVMaxDistance: 0.5
  m_AutoUVMaxAngle: 89
  m_LightmapParameters: {fileID: 0}
  m_SortingLayerID: 0
  m_SortingLayer: 0
  m_SortingOrder: 3
  m_Sprite: {fileID: 21300000, guid: d0c19ef17e89b2d439de986c59a35243, type: 3}
  m_Color: {r: 1, g: 1, b: 1, a: 1}
  m_FlipX: 0
  m_FlipY: 0
  m_DrawMode: 2
  m_Size: {x: 33.83, y: 67.4}
  m_AdaptiveModeThreshold: 0.5
  m_SpriteTileMode: 0
  m_WasSpriteAssigned: 1
  m_MaskInteraction: 0
  m_SpriteSortPoint: 0
--- !u!1 &386048767 stripped
GameObject:
  m_CorrespondingSourceObject: {fileID: 9104114134006391418, guid: 0a6aaae41d47695468a76929730f575e, type: 3}
  m_PrefabInstance: {fileID: 2048219669}
  m_PrefabAsset: {fileID: 0}
--- !u!4 &386048770 stripped
Transform:
  m_CorrespondingSourceObject: {fileID: 1313213832383415813, guid: 0a6aaae41d47695468a76929730f575e, type: 3}
  m_PrefabInstance: {fileID: 2048219669}
  m_PrefabAsset: {fileID: 0}
--- !u!1001 &617526786
PrefabInstance:
  m_ObjectHideFlags: 0
  serializedVersion: 2
  m_Modification:
    serializedVersion: 3
    m_TransformParent: {fileID: 124266497}
    m_Modifications:
    - target: {fileID: 1313213832383415813, guid: 0a6aaae41d47695468a76929730f575e, type: 3}
      propertyPath: m_LocalPosition.x
      value: 13.06
      objectReference: {fileID: 0}
    - target: {fileID: 1313213832383415813, guid: 0a6aaae41d47695468a76929730f575e, type: 3}
      propertyPath: m_LocalPosition.y
      value: 8.43
      objectReference: {fileID: 0}
    - target: {fileID: 1313213832383415813, guid: 0a6aaae41d47695468a76929730f575e, type: 3}
      propertyPath: m_LocalPosition.z
      value: 0
      objectReference: {fileID: 0}
    - target: {fileID: 1313213832383415813, guid: 0a6aaae41d47695468a76929730f575e, type: 3}
      propertyPath: m_LocalRotation.w
      value: 1
      objectReference: {fileID: 0}
    - target: {fileID: 1313213832383415813, guid: 0a6aaae41d47695468a76929730f575e, type: 3}
      propertyPath: m_LocalRotation.x
      value: 0
      objectReference: {fileID: 0}
    - target: {fileID: 1313213832383415813, guid: 0a6aaae41d47695468a76929730f575e, type: 3}
      propertyPath: m_LocalRotation.y
      value: 0
      objectReference: {fileID: 0}
    - target: {fileID: 1313213832383415813, guid: 0a6aaae41d47695468a76929730f575e, type: 3}
      propertyPath: m_LocalRotation.z
      value: 0
      objectReference: {fileID: 0}
    - target: {fileID: 1313213832383415813, guid: 0a6aaae41d47695468a76929730f575e, type: 3}
      propertyPath: m_LocalEulerAnglesHint.x
      value: 0
      objectReference: {fileID: 0}
    - target: {fileID: 1313213832383415813, guid: 0a6aaae41d47695468a76929730f575e, type: 3}
      propertyPath: m_LocalEulerAnglesHint.y
      value: 0
      objectReference: {fileID: 0}
    - target: {fileID: 1313213832383415813, guid: 0a6aaae41d47695468a76929730f575e, type: 3}
      propertyPath: m_LocalEulerAnglesHint.z
      value: 0
      objectReference: {fileID: 0}
    - target: {fileID: 9104114134006391418, guid: 0a6aaae41d47695468a76929730f575e, type: 3}
      propertyPath: m_Name
      value: SpawnPoint (4)
      objectReference: {fileID: 0}
    m_RemovedComponents: []
    m_RemovedGameObjects: []
    m_AddedGameObjects: []
    m_AddedComponents: []
  m_SourcePrefab: {fileID: 100100000, guid: 0a6aaae41d47695468a76929730f575e, type: 3}
--- !u!1001 &767824186
PrefabInstance:
  m_ObjectHideFlags: 0
  serializedVersion: 2
  m_Modification:
    serializedVersion: 3
    m_TransformParent: {fileID: 0}
    m_Modifications:
    - target: {fileID: -948647818528660382, guid: eb865089a0dcfa742ae039cfc31ac392, type: 3}
      propertyPath: sprintSpeed
      value: 6
      objectReference: {fileID: 0}
    - target: {fileID: 1664217225300286422, guid: eb865089a0dcfa742ae039cfc31ac392, type: 3}
      propertyPath: m_Enabled
      value: 1
      objectReference: {fileID: 0}
    - target: {fileID: 5391399119952535624, guid: eb865089a0dcfa742ae039cfc31ac392, type: 3}
      propertyPath: m_IsGlobal
      value: 1
      objectReference: {fileID: 0}
    - target: {fileID: 5391399119952535624, guid: eb865089a0dcfa742ae039cfc31ac392, type: 3}
      propertyPath: sharedProfile
      value: 
      objectReference: {fileID: 11400000, guid: 97e2f57f21912e74587ac6fdc07477a6, type: 2}
    - target: {fileID: 5820628189356431595, guid: eb865089a0dcfa742ae039cfc31ac392, type: 3}
      propertyPath: m_Cameras.Array.size
      value: 1
      objectReference: {fileID: 0}
    - target: {fileID: 5820628189356431595, guid: eb865089a0dcfa742ae039cfc31ac392, type: 3}
      propertyPath: m_Cameras.Array.data[0]
      value: 
      objectReference: {fileID: 1970369522}
    - target: {fileID: 8451191073612835981, guid: eb865089a0dcfa742ae039cfc31ac392, type: 3}
      propertyPath: m_LocalPosition.x
      value: 0
      objectReference: {fileID: 0}
    - target: {fileID: 8451191073612835981, guid: eb865089a0dcfa742ae039cfc31ac392, type: 3}
      propertyPath: m_LocalPosition.y
      value: 0
      objectReference: {fileID: 0}
    - target: {fileID: 8451191073612835981, guid: eb865089a0dcfa742ae039cfc31ac392, type: 3}
      propertyPath: m_LocalPosition.z
      value: 0
      objectReference: {fileID: 0}
    - target: {fileID: 8451191073612835981, guid: eb865089a0dcfa742ae039cfc31ac392, type: 3}
      propertyPath: m_LocalRotation.w
      value: 1
      objectReference: {fileID: 0}
    - target: {fileID: 8451191073612835981, guid: eb865089a0dcfa742ae039cfc31ac392, type: 3}
      propertyPath: m_LocalRotation.x
      value: 0
      objectReference: {fileID: 0}
    - target: {fileID: 8451191073612835981, guid: eb865089a0dcfa742ae039cfc31ac392, type: 3}
      propertyPath: m_LocalRotation.y
      value: 0
      objectReference: {fileID: 0}
    - target: {fileID: 8451191073612835981, guid: eb865089a0dcfa742ae039cfc31ac392, type: 3}
      propertyPath: m_LocalRotation.z
      value: 0
      objectReference: {fileID: 0}
    - target: {fileID: 8451191073612835981, guid: eb865089a0dcfa742ae039cfc31ac392, type: 3}
      propertyPath: m_LocalEulerAnglesHint.x
      value: 0
      objectReference: {fileID: 0}
    - target: {fileID: 8451191073612835981, guid: eb865089a0dcfa742ae039cfc31ac392, type: 3}
      propertyPath: m_LocalEulerAnglesHint.y
      value: 0
      objectReference: {fileID: 0}
    - target: {fileID: 8451191073612835981, guid: eb865089a0dcfa742ae039cfc31ac392, type: 3}
      propertyPath: m_LocalEulerAnglesHint.z
      value: 0
      objectReference: {fileID: 0}
    - target: {fileID: 8593156106250343636, guid: eb865089a0dcfa742ae039cfc31ac392, type: 3}
      propertyPath: orthographic size
      value: 3.5
      objectReference: {fileID: 0}
    - target: {fileID: 8593156106250343636, guid: eb865089a0dcfa742ae039cfc31ac392, type: 3}
      propertyPath: m_CullingMask.m_Bits
      value: 65495
      objectReference: {fileID: 0}
    - target: {fileID: 8962199473457473165, guid: eb865089a0dcfa742ae039cfc31ac392, type: 3}
      propertyPath: m_Name
      value: Player
      objectReference: {fileID: 0}
    m_RemovedComponents: []
    m_RemovedGameObjects:
    - {fileID: 345222046661072243, guid: eb865089a0dcfa742ae039cfc31ac392, type: 3}
    m_AddedGameObjects:
    - targetCorrespondingSourceObject: {fileID: 8316179182275972595, guid: eb865089a0dcfa742ae039cfc31ac392, type: 3}
      insertIndex: -1
      addedObject: {fileID: 1970369523}
    m_AddedComponents:
    - targetCorrespondingSourceObject: {fileID: 9005927320987477549, guid: eb865089a0dcfa742ae039cfc31ac392, type: 3}
      insertIndex: -1
      addedObject: {fileID: 1513846441}
  m_SourcePrefab: {fileID: 100100000, guid: eb865089a0dcfa742ae039cfc31ac392, type: 3}
--- !u!1 &773027232
GameObject:
  m_ObjectHideFlags: 0
  m_CorrespondingSourceObject: {fileID: 0}
  m_PrefabInstance: {fileID: 0}
  m_PrefabAsset: {fileID: 0}
  serializedVersion: 6
  m_Component:
  - component: {fileID: 773027233}
  - component: {fileID: 773027234}
  m_Layer: 0
  m_Name: Background (1)
  m_TagString: Untagged
  m_Icon: {fileID: 0}
  m_NavMeshLayer: 0
  m_StaticEditorFlags: 0
  m_IsActive: 1
--- !u!4 &773027233
Transform:
  m_ObjectHideFlags: 0
  m_CorrespondingSourceObject: {fileID: 0}
  m_PrefabInstance: {fileID: 0}
  m_PrefabAsset: {fileID: 0}
  m_GameObject: {fileID: 773027232}
  serializedVersion: 2
  m_LocalRotation: {x: 0, y: 0, z: 0, w: 1}
  m_LocalPosition: {x: 0, y: 1.88, z: 0}
  m_LocalScale: {x: 0.1, y: 0.1, z: 0.1}
  m_ConstrainProportionsScale: 1
  m_Children: []
  m_Father: {fileID: 2036501006}
  m_LocalEulerAnglesHint: {x: 0, y: 0, z: 0}
--- !u!212 &773027234
SpriteRenderer:
  m_ObjectHideFlags: 0
  m_CorrespondingSourceObject: {fileID: 0}
  m_PrefabInstance: {fileID: 0}
  m_PrefabAsset: {fileID: 0}
  m_GameObject: {fileID: 773027232}
  m_Enabled: 1
  m_CastShadows: 0
  m_ReceiveShadows: 0
  m_DynamicOccludee: 1
  m_StaticShadowCaster: 0
  m_MotionVectors: 1
  m_LightProbeUsage: 1
  m_ReflectionProbeUsage: 1
  m_RayTracingMode: 0
  m_RayTraceProcedural: 0
  m_RenderingLayerMask: 1
  m_RendererPriority: 0
  m_Materials:
  - {fileID: 2100000, guid: a97c105638bdf8b4a8650670310a4cd3, type: 2}
  m_StaticBatchInfo:
    firstSubMesh: 0
    subMeshCount: 0
  m_StaticBatchRoot: {fileID: 0}
  m_ProbeAnchor: {fileID: 0}
  m_LightProbeVolumeOverride: {fileID: 0}
  m_ScaleInLightmap: 1
  m_ReceiveGI: 1
  m_PreserveUVs: 0
  m_IgnoreNormalsForChartDetection: 0
  m_ImportantGI: 0
  m_StitchLightmapSeams: 1
  m_SelectedEditorRenderState: 0
  m_MinimumChartSize: 4
  m_AutoUVMaxDistance: 0.5
  m_AutoUVMaxAngle: 89
  m_LightmapParameters: {fileID: 0}
  m_SortingLayerID: 0
  m_SortingLayer: 0
  m_SortingOrder: 3
  m_Sprite: {fileID: 21300000, guid: d0c19ef17e89b2d439de986c59a35243, type: 3}
  m_Color: {r: 1, g: 1, b: 1, a: 1}
  m_FlipX: 0
  m_FlipY: 0
  m_DrawMode: 2
  m_Size: {x: 33.83, y: 22.42}
  m_AdaptiveModeThreshold: 0.5
  m_SpriteTileMode: 0
  m_WasSpriteAssigned: 1
  m_MaskInteraction: 0
  m_SpriteSortPoint: 0
--- !u!1 &779860595
GameObject:
  m_ObjectHideFlags: 0
  m_CorrespondingSourceObject: {fileID: 0}
  m_PrefabInstance: {fileID: 0}
  m_PrefabAsset: {fileID: 0}
  serializedVersion: 6
  m_Component:
  - component: {fileID: 779860598}
  - component: {fileID: 779860597}
  - component: {fileID: 779860596}
  m_Layer: 0
  m_Name: EventSystem
  m_TagString: Untagged
  m_Icon: {fileID: 0}
  m_NavMeshLayer: 0
  m_StaticEditorFlags: 0
  m_IsActive: 1
--- !u!114 &779860596
MonoBehaviour:
  m_ObjectHideFlags: 0
  m_CorrespondingSourceObject: {fileID: 0}
  m_PrefabInstance: {fileID: 0}
  m_PrefabAsset: {fileID: 0}
  m_GameObject: {fileID: 779860595}
  m_Enabled: 1
  m_EditorHideFlags: 0
  m_Script: {fileID: 11500000, guid: 4f231c4fb786f3946a6b90b886c48677, type: 3}
  m_Name: 
  m_EditorClassIdentifier: 
  m_SendPointerHoverToParent: 1
  m_HorizontalAxis: Horizontal
  m_VerticalAxis: Vertical
  m_SubmitButton: Submit
  m_CancelButton: Cancel
  m_InputActionsPerSecond: 10
  m_RepeatDelay: 0.5
  m_ForceModuleActive: 0
--- !u!114 &779860597
MonoBehaviour:
  m_ObjectHideFlags: 0
  m_CorrespondingSourceObject: {fileID: 0}
  m_PrefabInstance: {fileID: 0}
  m_PrefabAsset: {fileID: 0}
  m_GameObject: {fileID: 779860595}
  m_Enabled: 1
  m_EditorHideFlags: 0
  m_Script: {fileID: 11500000, guid: 76c392e42b5098c458856cdf6ecaaaa1, type: 3}
  m_Name: 
  m_EditorClassIdentifier: 
  m_FirstSelected: {fileID: 0}
  m_sendNavigationEvents: 1
  m_DragThreshold: 10
--- !u!4 &779860598
Transform:
  m_ObjectHideFlags: 0
  m_CorrespondingSourceObject: {fileID: 0}
  m_PrefabInstance: {fileID: 0}
  m_PrefabAsset: {fileID: 0}
  m_GameObject: {fileID: 779860595}
  serializedVersion: 2
  m_LocalRotation: {x: 0, y: 0, z: 0, w: 1}
  m_LocalPosition: {x: 0, y: 0, z: 0}
  m_LocalScale: {x: 1, y: 1, z: 1}
  m_ConstrainProportionsScale: 0
  m_Children: []
  m_Father: {fileID: 0}
  m_LocalEulerAnglesHint: {x: 0, y: 0, z: 0}
--- !u!1001 &897684482
PrefabInstance:
  m_ObjectHideFlags: 0
  serializedVersion: 2
  m_Modification:
    serializedVersion: 3
    m_TransformParent: {fileID: 0}
    m_Modifications:
    - target: {fileID: 883882030288849588, guid: 3c1e4892b623657489a7d04f661b392d, type: 3}
      propertyPath: m_Name
      value: DevTools
      objectReference: {fileID: 0}
    - target: {fileID: 7017838489886298316, guid: 3c1e4892b623657489a7d04f661b392d, type: 3}
      propertyPath: m_LocalPosition.x
      value: -0.02680336
      objectReference: {fileID: 0}
    - target: {fileID: 7017838489886298316, guid: 3c1e4892b623657489a7d04f661b392d, type: 3}
      propertyPath: m_LocalPosition.y
      value: 0.0188572
      objectReference: {fileID: 0}
    - target: {fileID: 7017838489886298316, guid: 3c1e4892b623657489a7d04f661b392d, type: 3}
      propertyPath: m_LocalPosition.z
      value: 0
      objectReference: {fileID: 0}
    - target: {fileID: 7017838489886298316, guid: 3c1e4892b623657489a7d04f661b392d, type: 3}
      propertyPath: m_LocalRotation.w
      value: 1
      objectReference: {fileID: 0}
    - target: {fileID: 7017838489886298316, guid: 3c1e4892b623657489a7d04f661b392d, type: 3}
      propertyPath: m_LocalRotation.x
      value: 0
      objectReference: {fileID: 0}
    - target: {fileID: 7017838489886298316, guid: 3c1e4892b623657489a7d04f661b392d, type: 3}
      propertyPath: m_LocalRotation.y
      value: 0
      objectReference: {fileID: 0}
    - target: {fileID: 7017838489886298316, guid: 3c1e4892b623657489a7d04f661b392d, type: 3}
      propertyPath: m_LocalRotation.z
      value: 0
      objectReference: {fileID: 0}
    - target: {fileID: 7017838489886298316, guid: 3c1e4892b623657489a7d04f661b392d, type: 3}
      propertyPath: m_LocalEulerAnglesHint.x
      value: 0
      objectReference: {fileID: 0}
    - target: {fileID: 7017838489886298316, guid: 3c1e4892b623657489a7d04f661b392d, type: 3}
      propertyPath: m_LocalEulerAnglesHint.y
      value: 0
      objectReference: {fileID: 0}
    - target: {fileID: 7017838489886298316, guid: 3c1e4892b623657489a7d04f661b392d, type: 3}
      propertyPath: m_LocalEulerAnglesHint.z
      value: 0
      objectReference: {fileID: 0}
    m_RemovedComponents: []
    m_RemovedGameObjects: []
    m_AddedGameObjects: []
    m_AddedComponents: []
  m_SourcePrefab: {fileID: 100100000, guid: 3c1e4892b623657489a7d04f661b392d, type: 3}
--- !u!1001 &967910138
PrefabInstance:
  m_ObjectHideFlags: 0
  serializedVersion: 2
  m_Modification:
    serializedVersion: 3
    m_TransformParent: {fileID: 0}
    m_Modifications:
    - target: {fileID: 5722478254159558183, guid: 85bb74e0be1222745b9d0300f72372fc, type: 3}
      propertyPath: soundtrack
      value: 
      objectReference: {fileID: 8300000, guid: c52cd857af37fcb48bee78c4441bc593, type: 3}
    - target: {fileID: 7831219042215298775, guid: 85bb74e0be1222745b9d0300f72372fc, type: 3}
      propertyPath: m_Name
      value: Music
      objectReference: {fileID: 0}
    - target: {fileID: 8120379541644828884, guid: 85bb74e0be1222745b9d0300f72372fc, type: 3}
      propertyPath: Loop
      value: 1
      objectReference: {fileID: 0}
    - target: {fileID: 8618668923604350033, guid: 85bb74e0be1222745b9d0300f72372fc, type: 3}
      propertyPath: m_LocalPosition.x
      value: 2.8134189
      objectReference: {fileID: 0}
    - target: {fileID: 8618668923604350033, guid: 85bb74e0be1222745b9d0300f72372fc, type: 3}
      propertyPath: m_LocalPosition.y
      value: 1.8876128
      objectReference: {fileID: 0}
    - target: {fileID: 8618668923604350033, guid: 85bb74e0be1222745b9d0300f72372fc, type: 3}
      propertyPath: m_LocalPosition.z
      value: 0.0016345391
      objectReference: {fileID: 0}
    - target: {fileID: 8618668923604350033, guid: 85bb74e0be1222745b9d0300f72372fc, type: 3}
      propertyPath: m_LocalRotation.w
      value: 1
      objectReference: {fileID: 0}
    - target: {fileID: 8618668923604350033, guid: 85bb74e0be1222745b9d0300f72372fc, type: 3}
      propertyPath: m_LocalRotation.x
      value: 0
      objectReference: {fileID: 0}
    - target: {fileID: 8618668923604350033, guid: 85bb74e0be1222745b9d0300f72372fc, type: 3}
      propertyPath: m_LocalRotation.y
      value: 0
      objectReference: {fileID: 0}
    - target: {fileID: 8618668923604350033, guid: 85bb74e0be1222745b9d0300f72372fc, type: 3}
      propertyPath: m_LocalRotation.z
      value: 0
      objectReference: {fileID: 0}
    - target: {fileID: 8618668923604350033, guid: 85bb74e0be1222745b9d0300f72372fc, type: 3}
      propertyPath: m_LocalEulerAnglesHint.x
      value: 0
      objectReference: {fileID: 0}
    - target: {fileID: 8618668923604350033, guid: 85bb74e0be1222745b9d0300f72372fc, type: 3}
      propertyPath: m_LocalEulerAnglesHint.y
      value: 0
      objectReference: {fileID: 0}
    - target: {fileID: 8618668923604350033, guid: 85bb74e0be1222745b9d0300f72372fc, type: 3}
      propertyPath: m_LocalEulerAnglesHint.z
      value: 0
      objectReference: {fileID: 0}
    m_RemovedComponents: []
    m_RemovedGameObjects: []
    m_AddedGameObjects: []
    m_AddedComponents: []
  m_SourcePrefab: {fileID: 100100000, guid: 85bb74e0be1222745b9d0300f72372fc, type: 3}
--- !u!1 &1007485759
GameObject:
  m_ObjectHideFlags: 0
  m_CorrespondingSourceObject: {fileID: 0}
  m_PrefabInstance: {fileID: 0}
  m_PrefabAsset: {fileID: 0}
  serializedVersion: 6
  m_Component:
  - component: {fileID: 1007485760}
  - component: {fileID: 1007485761}
  m_Layer: 0
  m_Name: WalkableVisuals
  m_TagString: Untagged
  m_Icon: {fileID: 0}
  m_NavMeshLayer: 0
  m_StaticEditorFlags: 0
  m_IsActive: 1
--- !u!4 &1007485760
Transform:
  m_ObjectHideFlags: 0
  m_CorrespondingSourceObject: {fileID: 0}
  m_PrefabInstance: {fileID: 0}
  m_PrefabAsset: {fileID: 0}
  m_GameObject: {fileID: 1007485759}
  serializedVersion: 2
  m_LocalRotation: {x: 0, y: 0, z: 0, w: 1}
  m_LocalPosition: {x: 0, y: 0, z: 0}
  m_LocalScale: {x: 0.2, y: 0.2, z: 0.2}
  m_ConstrainProportionsScale: 1
  m_Children: []
  m_Father: {fileID: 2036501006}
  m_LocalEulerAnglesHint: {x: 0, y: 0, z: 0}
--- !u!212 &1007485761
SpriteRenderer:
  m_ObjectHideFlags: 0
  m_CorrespondingSourceObject: {fileID: 0}
  m_PrefabInstance: {fileID: 0}
  m_PrefabAsset: {fileID: 0}
  m_GameObject: {fileID: 1007485759}
  m_Enabled: 1
  m_CastShadows: 0
  m_ReceiveShadows: 0
  m_DynamicOccludee: 1
  m_StaticShadowCaster: 0
  m_MotionVectors: 1
  m_LightProbeUsage: 1
  m_ReflectionProbeUsage: 1
  m_RayTracingMode: 0
  m_RayTraceProcedural: 0
  m_RenderingLayerMask: 1
  m_RendererPriority: 0
  m_Materials:
  - {fileID: 2100000, guid: a97c105638bdf8b4a8650670310a4cd3, type: 2}
  m_StaticBatchInfo:
    firstSubMesh: 0
    subMeshCount: 0
  m_StaticBatchRoot: {fileID: 0}
  m_ProbeAnchor: {fileID: 0}
  m_LightProbeVolumeOverride: {fileID: 0}
  m_ScaleInLightmap: 1
  m_ReceiveGI: 1
  m_PreserveUVs: 0
  m_IgnoreNormalsForChartDetection: 0
  m_ImportantGI: 0
  m_StitchLightmapSeams: 1
  m_SelectedEditorRenderState: 0
  m_MinimumChartSize: 4
  m_AutoUVMaxDistance: 0.5
  m_AutoUVMaxAngle: 89
  m_LightmapParameters: {fileID: 0}
  m_SortingLayerID: 0
  m_SortingLayer: 0
  m_SortingOrder: 0
  m_Sprite: {fileID: 21300000, guid: 895c53c4a066a4847bea9bdbe772a3be, type: 3}
  m_Color: {r: 1, g: 1, b: 1, a: 1}
  m_FlipX: 0
  m_FlipY: 0
  m_DrawMode: 2
  m_Size: {x: 32.02, y: 39.09}
  m_AdaptiveModeThreshold: 0.5
  m_SpriteTileMode: 0
  m_WasSpriteAssigned: 1
  m_MaskInteraction: 0
  m_SpriteSortPoint: 0
--- !u!1 &1192728568 stripped
GameObject:
  m_CorrespondingSourceObject: {fileID: 9104114134006391418, guid: 0a6aaae41d47695468a76929730f575e, type: 3}
  m_PrefabInstance: {fileID: 1820951095}
  m_PrefabAsset: {fileID: 0}
--- !u!4 &1192728571 stripped
Transform:
  m_CorrespondingSourceObject: {fileID: 1313213832383415813, guid: 0a6aaae41d47695468a76929730f575e, type: 3}
  m_PrefabInstance: {fileID: 1820951095}
  m_PrefabAsset: {fileID: 0}
--- !u!1 &1406191976
GameObject:
  m_ObjectHideFlags: 0
  m_CorrespondingSourceObject: {fileID: 0}
  m_PrefabInstance: {fileID: 0}
  m_PrefabAsset: {fileID: 0}
  serializedVersion: 6
  m_Component:
  - component: {fileID: 1406191977}
  - component: {fileID: 1406191978}
  m_Layer: 0
  m_Name: Post Processing Volume
  m_TagString: PostProcessing
  m_Icon: {fileID: 0}
  m_NavMeshLayer: 0
  m_StaticEditorFlags: 0
  m_IsActive: 1
--- !u!4 &1406191977
Transform:
  m_ObjectHideFlags: 0
  m_CorrespondingSourceObject: {fileID: 0}
  m_PrefabInstance: {fileID: 0}
  m_PrefabAsset: {fileID: 0}
  m_GameObject: {fileID: 1406191976}
  serializedVersion: 2
  m_LocalRotation: {x: -0, y: -0, z: -0, w: 1}
  m_LocalPosition: {x: 0, y: 5.3500004, z: 10}
  m_LocalScale: {x: 1, y: 1, z: 1}
  m_ConstrainProportionsScale: 0
  m_Children: []
  m_Father: {fileID: 1970369523}
  m_LocalEulerAnglesHint: {x: 0, y: 0, z: 0}
--- !u!114 &1406191978
MonoBehaviour:
  m_ObjectHideFlags: 0
  m_CorrespondingSourceObject: {fileID: 0}
  m_PrefabInstance: {fileID: 0}
  m_PrefabAsset: {fileID: 0}
  m_GameObject: {fileID: 1406191976}
  m_Enabled: 1
  m_EditorHideFlags: 0
  m_Script: {fileID: 11500000, guid: 172515602e62fb746b5d573b38a5fe58, type: 3}
  m_Name: 
  m_EditorClassIdentifier: 
  m_IsGlobal: 1
  priority: 0
  blendDistance: 0
  weight: 1
  sharedProfile: {fileID: 11400000, guid: 7c2a402ac107c7c4e8d0abc679ecd678, type: 2}
--- !u!1001 &1470413954
PrefabInstance:
  m_ObjectHideFlags: 0
  serializedVersion: 2
  m_Modification:
    serializedVersion: 3
    m_TransformParent: {fileID: 0}
    m_Modifications:
    - target: {fileID: 4338071365523775184, guid: e742c1d7530d15649b8bba3d47d0c5e7, type: 3}
      propertyPath: m_Name
      value: Canvas
      objectReference: {fileID: 0}
    - target: {fileID: 4816736436035046097, guid: e742c1d7530d15649b8bba3d47d0c5e7, type: 3}
      propertyPath: m_Camera
      value: 
      objectReference: {fileID: 1970369522}
    - target: {fileID: 4816736436035046097, guid: e742c1d7530d15649b8bba3d47d0c5e7, type: 3}
      propertyPath: m_RenderMode
      value: 1
      objectReference: {fileID: 0}
    - target: {fileID: 5051231633982402922, guid: e742c1d7530d15649b8bba3d47d0c5e7, type: 3}
      propertyPath: m_AnchoredPosition.y
      value: 53.299988
      objectReference: {fileID: 0}
    - target: {fileID: 5785691248546261009, guid: e742c1d7530d15649b8bba3d47d0c5e7, type: 3}
      propertyPath: m_Pivot.x
      value: 0
      objectReference: {fileID: 0}
    - target: {fileID: 5785691248546261009, guid: e742c1d7530d15649b8bba3d47d0c5e7, type: 3}
      propertyPath: m_Pivot.y
      value: 0
      objectReference: {fileID: 0}
    - target: {fileID: 5785691248546261009, guid: e742c1d7530d15649b8bba3d47d0c5e7, type: 3}
      propertyPath: m_AnchorMax.x
      value: 0
      objectReference: {fileID: 0}
    - target: {fileID: 5785691248546261009, guid: e742c1d7530d15649b8bba3d47d0c5e7, type: 3}
      propertyPath: m_AnchorMax.y
      value: 0
      objectReference: {fileID: 0}
    - target: {fileID: 5785691248546261009, guid: e742c1d7530d15649b8bba3d47d0c5e7, type: 3}
      propertyPath: m_AnchorMin.x
      value: 0
      objectReference: {fileID: 0}
    - target: {fileID: 5785691248546261009, guid: e742c1d7530d15649b8bba3d47d0c5e7, type: 3}
      propertyPath: m_AnchorMin.y
      value: 0
      objectReference: {fileID: 0}
    - target: {fileID: 5785691248546261009, guid: e742c1d7530d15649b8bba3d47d0c5e7, type: 3}
      propertyPath: m_SizeDelta.x
      value: 0
      objectReference: {fileID: 0}
    - target: {fileID: 5785691248546261009, guid: e742c1d7530d15649b8bba3d47d0c5e7, type: 3}
      propertyPath: m_SizeDelta.y
      value: 0
      objectReference: {fileID: 0}
    - target: {fileID: 5785691248546261009, guid: e742c1d7530d15649b8bba3d47d0c5e7, type: 3}
      propertyPath: m_LocalPosition.x
      value: 0
      objectReference: {fileID: 0}
    - target: {fileID: 5785691248546261009, guid: e742c1d7530d15649b8bba3d47d0c5e7, type: 3}
      propertyPath: m_LocalPosition.y
      value: 0
      objectReference: {fileID: 0}
    - target: {fileID: 5785691248546261009, guid: e742c1d7530d15649b8bba3d47d0c5e7, type: 3}
      propertyPath: m_LocalPosition.z
      value: 0
      objectReference: {fileID: 0}
    - target: {fileID: 5785691248546261009, guid: e742c1d7530d15649b8bba3d47d0c5e7, type: 3}
      propertyPath: m_LocalRotation.w
      value: 1
      objectReference: {fileID: 0}
    - target: {fileID: 5785691248546261009, guid: e742c1d7530d15649b8bba3d47d0c5e7, type: 3}
      propertyPath: m_LocalRotation.x
      value: 0
      objectReference: {fileID: 0}
    - target: {fileID: 5785691248546261009, guid: e742c1d7530d15649b8bba3d47d0c5e7, type: 3}
      propertyPath: m_LocalRotation.y
      value: 0
      objectReference: {fileID: 0}
    - target: {fileID: 5785691248546261009, guid: e742c1d7530d15649b8bba3d47d0c5e7, type: 3}
      propertyPath: m_LocalRotation.z
      value: 0
      objectReference: {fileID: 0}
    - target: {fileID: 5785691248546261009, guid: e742c1d7530d15649b8bba3d47d0c5e7, type: 3}
      propertyPath: m_AnchoredPosition.x
      value: 0
      objectReference: {fileID: 0}
    - target: {fileID: 5785691248546261009, guid: e742c1d7530d15649b8bba3d47d0c5e7, type: 3}
      propertyPath: m_AnchoredPosition.y
      value: 0
      objectReference: {fileID: 0}
    - target: {fileID: 5785691248546261009, guid: e742c1d7530d15649b8bba3d47d0c5e7, type: 3}
      propertyPath: m_LocalEulerAnglesHint.x
      value: 0
      objectReference: {fileID: 0}
    - target: {fileID: 5785691248546261009, guid: e742c1d7530d15649b8bba3d47d0c5e7, type: 3}
      propertyPath: m_LocalEulerAnglesHint.y
      value: 0
      objectReference: {fileID: 0}
    - target: {fileID: 5785691248546261009, guid: e742c1d7530d15649b8bba3d47d0c5e7, type: 3}
      propertyPath: m_LocalEulerAnglesHint.z
      value: 0
      objectReference: {fileID: 0}
    m_RemovedComponents: []
    m_RemovedGameObjects: []
    m_AddedGameObjects: []
    m_AddedComponents: []
  m_SourcePrefab: {fileID: 100100000, guid: e742c1d7530d15649b8bba3d47d0c5e7, type: 3}
--- !u!1 &1513846436 stripped
GameObject:
  m_CorrespondingSourceObject: {fileID: 9005927320987477549, guid: eb865089a0dcfa742ae039cfc31ac392, type: 3}
  m_PrefabInstance: {fileID: 767824186}
  m_PrefabAsset: {fileID: 0}
--- !u!114 &1513846441
MonoBehaviour:
  m_ObjectHideFlags: 0
  m_CorrespondingSourceObject: {fileID: 0}
  m_PrefabInstance: {fileID: 0}
  m_PrefabAsset: {fileID: 0}
  m_GameObject: {fileID: 1513846436}
  m_Enabled: 1
  m_EditorHideFlags: 0
  m_Script: {fileID: 11500000, guid: 56666c5a40171f54783dd416a44f42bf, type: 3}
  m_Name: 
  m_EditorClassIdentifier: 
  m_EventMask:
    serializedVersion: 2
    m_Bits: 4294967295
  m_MaxRayIntersections: 0
--- !u!4 &1513846447 stripped
Transform:
  m_CorrespondingSourceObject: {fileID: 8316179182275972595, guid: eb865089a0dcfa742ae039cfc31ac392, type: 3}
  m_PrefabInstance: {fileID: 767824186}
  m_PrefabAsset: {fileID: 0}
--- !u!1001 &1687244808
PrefabInstance:
  m_ObjectHideFlags: 0
  serializedVersion: 2
  m_Modification:
    serializedVersion: 3
    m_TransformParent: {fileID: 0}
    m_Modifications:
    - target: {fileID: 136913761672661810, guid: b8e9f312500e3aa4ab6913868a9ad709, type: 3}
      propertyPath: m_LocalPosition.x
      value: 3.73
      objectReference: {fileID: 0}
    - target: {fileID: 136913761672661810, guid: b8e9f312500e3aa4ab6913868a9ad709, type: 3}
      propertyPath: m_LocalPosition.y
      value: 7.09
      objectReference: {fileID: 0}
    - target: {fileID: 1612879345225510034, guid: b8e9f312500e3aa4ab6913868a9ad709, type: 3}
      propertyPath: m_LocalPosition.x
      value: 8.25
      objectReference: {fileID: 0}
    - target: {fileID: 1612879345225510034, guid: b8e9f312500e3aa4ab6913868a9ad709, type: 3}
      propertyPath: m_LocalPosition.y
      value: -6.62
      objectReference: {fileID: 0}
    - target: {fileID: 3750511808211159848, guid: b8e9f312500e3aa4ab6913868a9ad709, type: 3}
      propertyPath: m_LocalPosition.x
      value: -2.8215213
      objectReference: {fileID: 0}
    - target: {fileID: 3750511808211159848, guid: b8e9f312500e3aa4ab6913868a9ad709, type: 3}
      propertyPath: m_LocalPosition.y
      value: 2.1736066
      objectReference: {fileID: 0}
    - target: {fileID: 3750511808211159848, guid: b8e9f312500e3aa4ab6913868a9ad709, type: 3}
      propertyPath: m_LocalPosition.z
      value: 0.094703496
      objectReference: {fileID: 0}
    - target: {fileID: 3750511808211159848, guid: b8e9f312500e3aa4ab6913868a9ad709, type: 3}
      propertyPath: m_LocalRotation.w
      value: 1
      objectReference: {fileID: 0}
    - target: {fileID: 3750511808211159848, guid: b8e9f312500e3aa4ab6913868a9ad709, type: 3}
      propertyPath: m_LocalRotation.x
      value: 0
      objectReference: {fileID: 0}
    - target: {fileID: 3750511808211159848, guid: b8e9f312500e3aa4ab6913868a9ad709, type: 3}
      propertyPath: m_LocalRotation.y
      value: 0
      objectReference: {fileID: 0}
    - target: {fileID: 3750511808211159848, guid: b8e9f312500e3aa4ab6913868a9ad709, type: 3}
      propertyPath: m_LocalRotation.z
      value: 0
      objectReference: {fileID: 0}
    - target: {fileID: 3750511808211159848, guid: b8e9f312500e3aa4ab6913868a9ad709, type: 3}
      propertyPath: m_LocalEulerAnglesHint.x
      value: 0
      objectReference: {fileID: 0}
    - target: {fileID: 3750511808211159848, guid: b8e9f312500e3aa4ab6913868a9ad709, type: 3}
      propertyPath: m_LocalEulerAnglesHint.y
      value: 0
      objectReference: {fileID: 0}
    - target: {fileID: 3750511808211159848, guid: b8e9f312500e3aa4ab6913868a9ad709, type: 3}
      propertyPath: m_LocalEulerAnglesHint.z
      value: 0
      objectReference: {fileID: 0}
    - target: {fileID: 4086969732565052696, guid: b8e9f312500e3aa4ab6913868a9ad709, type: 3}
      propertyPath: m_LocalPosition.x
      value: 13.14
      objectReference: {fileID: 0}
    - target: {fileID: 4086969732565052696, guid: b8e9f312500e3aa4ab6913868a9ad709, type: 3}
      propertyPath: m_LocalPosition.y
      value: 3.38
      objectReference: {fileID: 0}
    - target: {fileID: 6159505467115779973, guid: b8e9f312500e3aa4ab6913868a9ad709, type: 3}
      propertyPath: spawnPoint.Array.size
      value: 7
      objectReference: {fileID: 0}
    - target: {fileID: 6159505467115779973, guid: b8e9f312500e3aa4ab6913868a9ad709, type: 3}
      propertyPath: spawnPoint.Array.data[4]
      value: 
      objectReference: {fileID: 1739533591}
    - target: {fileID: 6159505467115779973, guid: b8e9f312500e3aa4ab6913868a9ad709, type: 3}
      propertyPath: spawnPoint.Array.data[5]
      value: 
      objectReference: {fileID: 1192728568}
    - target: {fileID: 6159505467115779973, guid: b8e9f312500e3aa4ab6913868a9ad709, type: 3}
      propertyPath: spawnPoint.Array.data[6]
      value: 
      objectReference: {fileID: 386048767}
    - target: {fileID: 6378468421723805763, guid: b8e9f312500e3aa4ab6913868a9ad709, type: 3}
      propertyPath: m_Name
      value: SpawnController
      objectReference: {fileID: 0}
    m_RemovedComponents: []
    m_RemovedGameObjects: []
    m_AddedGameObjects:
    - targetCorrespondingSourceObject: {fileID: 3750511808211159848, guid: b8e9f312500e3aa4ab6913868a9ad709, type: 3}
      insertIndex: -1
      addedObject: {fileID: 1739533594}
    - targetCorrespondingSourceObject: {fileID: 3750511808211159848, guid: b8e9f312500e3aa4ab6913868a9ad709, type: 3}
      insertIndex: -1
      addedObject: {fileID: 1192728571}
    - targetCorrespondingSourceObject: {fileID: 3750511808211159848, guid: b8e9f312500e3aa4ab6913868a9ad709, type: 3}
      insertIndex: -1
      addedObject: {fileID: 386048770}
    m_AddedComponents: []
  m_SourcePrefab: {fileID: 100100000, guid: b8e9f312500e3aa4ab6913868a9ad709, type: 3}
--- !u!1001 &1734374053
PrefabInstance:
  m_ObjectHideFlags: 0
  serializedVersion: 2
  m_Modification:
    serializedVersion: 3
    m_TransformParent: {fileID: 0}
    m_Modifications:
    - target: {fileID: 6309362345042594795, guid: df4e31eb69292a94080f07031caf3218, type: 3}
      propertyPath: m_LocalPosition.x
      value: 0.01726222
      objectReference: {fileID: 0}
    - target: {fileID: 6309362345042594795, guid: df4e31eb69292a94080f07031caf3218, type: 3}
      propertyPath: m_LocalPosition.y
      value: 1.0575423
      objectReference: {fileID: 0}
    - target: {fileID: 6309362345042594795, guid: df4e31eb69292a94080f07031caf3218, type: 3}
      propertyPath: m_LocalPosition.z
      value: 0
      objectReference: {fileID: 0}
    - target: {fileID: 6309362345042594795, guid: df4e31eb69292a94080f07031caf3218, type: 3}
      propertyPath: m_LocalRotation.w
      value: 1
      objectReference: {fileID: 0}
    - target: {fileID: 6309362345042594795, guid: df4e31eb69292a94080f07031caf3218, type: 3}
      propertyPath: m_LocalRotation.x
      value: 0
      objectReference: {fileID: 0}
    - target: {fileID: 6309362345042594795, guid: df4e31eb69292a94080f07031caf3218, type: 3}
      propertyPath: m_LocalRotation.y
      value: 0
      objectReference: {fileID: 0}
    - target: {fileID: 6309362345042594795, guid: df4e31eb69292a94080f07031caf3218, type: 3}
      propertyPath: m_LocalRotation.z
      value: 0
      objectReference: {fileID: 0}
    - target: {fileID: 6309362345042594795, guid: df4e31eb69292a94080f07031caf3218, type: 3}
      propertyPath: m_LocalEulerAnglesHint.x
      value: 0
      objectReference: {fileID: 0}
    - target: {fileID: 6309362345042594795, guid: df4e31eb69292a94080f07031caf3218, type: 3}
      propertyPath: m_LocalEulerAnglesHint.y
      value: 0
      objectReference: {fileID: 0}
    - target: {fileID: 6309362345042594795, guid: df4e31eb69292a94080f07031caf3218, type: 3}
      propertyPath: m_LocalEulerAnglesHint.z
      value: 0
      objectReference: {fileID: 0}
    - target: {fileID: 7333380842496748572, guid: df4e31eb69292a94080f07031caf3218, type: 3}
      propertyPath: m_Name
      value: Nexus
      objectReference: {fileID: 0}
    m_RemovedComponents: []
    m_RemovedGameObjects: []
    m_AddedGameObjects: []
    m_AddedComponents: []
  m_SourcePrefab: {fileID: 100100000, guid: df4e31eb69292a94080f07031caf3218, type: 3}
--- !u!1 &1739533591 stripped
GameObject:
  m_CorrespondingSourceObject: {fileID: 9104114134006391418, guid: 0a6aaae41d47695468a76929730f575e, type: 3}
  m_PrefabInstance: {fileID: 617526786}
  m_PrefabAsset: {fileID: 0}
--- !u!4 &1739533594 stripped
Transform:
  m_CorrespondingSourceObject: {fileID: 1313213832383415813, guid: 0a6aaae41d47695468a76929730f575e, type: 3}
  m_PrefabInstance: {fileID: 617526786}
  m_PrefabAsset: {fileID: 0}
--- !u!1001 &1820951095
PrefabInstance:
  m_ObjectHideFlags: 0
  serializedVersion: 2
  m_Modification:
    serializedVersion: 3
    m_TransformParent: {fileID: 124266497}
    m_Modifications:
    - target: {fileID: 1313213832383415813, guid: 0a6aaae41d47695468a76929730f575e, type: 3}
      propertyPath: m_LocalPosition.x
      value: -5.7
      objectReference: {fileID: 0}
    - target: {fileID: 1313213832383415813, guid: 0a6aaae41d47695468a76929730f575e, type: 3}
      propertyPath: m_LocalPosition.y
      value: -8.96
      objectReference: {fileID: 0}
    - target: {fileID: 1313213832383415813, guid: 0a6aaae41d47695468a76929730f575e, type: 3}
      propertyPath: m_LocalPosition.z
      value: 0
      objectReference: {fileID: 0}
    - target: {fileID: 1313213832383415813, guid: 0a6aaae41d47695468a76929730f575e, type: 3}
      propertyPath: m_LocalRotation.w
      value: 1
      objectReference: {fileID: 0}
    - target: {fileID: 1313213832383415813, guid: 0a6aaae41d47695468a76929730f575e, type: 3}
      propertyPath: m_LocalRotation.x
      value: 0
      objectReference: {fileID: 0}
    - target: {fileID: 1313213832383415813, guid: 0a6aaae41d47695468a76929730f575e, type: 3}
      propertyPath: m_LocalRotation.y
      value: 0
      objectReference: {fileID: 0}
    - target: {fileID: 1313213832383415813, guid: 0a6aaae41d47695468a76929730f575e, type: 3}
      propertyPath: m_LocalRotation.z
      value: 0
      objectReference: {fileID: 0}
    - target: {fileID: 1313213832383415813, guid: 0a6aaae41d47695468a76929730f575e, type: 3}
      propertyPath: m_LocalEulerAnglesHint.x
      value: 0
      objectReference: {fileID: 0}
    - target: {fileID: 1313213832383415813, guid: 0a6aaae41d47695468a76929730f575e, type: 3}
      propertyPath: m_LocalEulerAnglesHint.y
      value: 0
      objectReference: {fileID: 0}
    - target: {fileID: 1313213832383415813, guid: 0a6aaae41d47695468a76929730f575e, type: 3}
      propertyPath: m_LocalEulerAnglesHint.z
      value: 0
      objectReference: {fileID: 0}
    - target: {fileID: 9104114134006391418, guid: 0a6aaae41d47695468a76929730f575e, type: 3}
      propertyPath: m_Name
      value: SpawnPoint (5)
      objectReference: {fileID: 0}
    m_RemovedComponents: []
    m_RemovedGameObjects: []
    m_AddedGameObjects: []
    m_AddedComponents: []
  m_SourcePrefab: {fileID: 100100000, guid: 0a6aaae41d47695468a76929730f575e, type: 3}
--- !u!1 &1970369519
GameObject:
  m_ObjectHideFlags: 0
  m_CorrespondingSourceObject: {fileID: 0}
  m_PrefabInstance: {fileID: 0}
  m_PrefabAsset: {fileID: 0}
  serializedVersion: 6
  m_Component:
  - component: {fileID: 1970369523}
  - component: {fileID: 1970369522}
  - component: {fileID: 1970369521}
  - component: {fileID: 1970369520}
  m_Layer: 0
  m_Name: UI Camera
  m_TagString: Untagged
  m_Icon: {fileID: 0}
  m_NavMeshLayer: 0
  m_StaticEditorFlags: 2147483647
  m_IsActive: 1
--- !u!114 &1970369520
MonoBehaviour:
  m_ObjectHideFlags: 0
  m_CorrespondingSourceObject: {fileID: 0}
  m_PrefabInstance: {fileID: 0}
  m_PrefabAsset: {fileID: 0}
  m_GameObject: {fileID: 1970369519}
  m_Enabled: 1
  m_EditorHideFlags: 0
  m_Script: {fileID: 11500000, guid: a79441f348de89743a2939f4d699eac1, type: 3}
  m_Name: 
  m_EditorClassIdentifier: 
  m_RenderShadows: 1
  m_RequiresDepthTextureOption: 2
  m_RequiresOpaqueTextureOption: 2
  m_CameraType: 1
  m_Cameras: []
  m_RendererIndex: -1
  m_VolumeLayerMask:
    serializedVersion: 2
    m_Bits: 1
  m_VolumeTrigger: {fileID: 0}
  m_VolumeFrameworkUpdateModeOption: 2
  m_RenderPostProcessing: 1
  m_Antialiasing: 0
  m_AntialiasingQuality: 2
  m_StopNaN: 0
  m_Dithering: 0
  m_ClearDepth: 1
  m_AllowXRRendering: 1
  m_AllowHDROutput: 1
  m_UseScreenCoordOverride: 0
  m_ScreenSizeOverride: {x: 0, y: 0, z: 0, w: 0}
  m_ScreenCoordScaleBias: {x: 0, y: 0, z: 0, w: 0}
  m_RequiresDepthTexture: 0
  m_RequiresColorTexture: 0
  m_Version: 2
  m_TaaSettings:
    quality: 3
    frameInfluence: 0.1
    jitterScale: 1
    mipBias: 0
    varianceClampScale: 0.9
    contrastAdaptiveSharpening: 0
--- !u!81 &1970369521
AudioListener:
  m_ObjectHideFlags: 0
  m_CorrespondingSourceObject: {fileID: 0}
  m_PrefabInstance: {fileID: 0}
  m_PrefabAsset: {fileID: 0}
  m_GameObject: {fileID: 1970369519}
  m_Enabled: 0
--- !u!20 &1970369522
Camera:
  m_ObjectHideFlags: 0
  m_CorrespondingSourceObject: {fileID: 0}
  m_PrefabInstance: {fileID: 0}
  m_PrefabAsset: {fileID: 0}
  m_GameObject: {fileID: 1970369519}
  m_Enabled: 1
  serializedVersion: 2
  m_ClearFlags: 1
  m_BackGroundColor: {r: 0.19215687, g: 0.3019608, b: 0.4745098, a: 0}
  m_projectionMatrixMode: 1
  m_GateFitMode: 2
  m_FOVAxisMode: 0
  m_Iso: 200
  m_ShutterSpeed: 0.005
  m_Aperture: 16
  m_FocusDistance: 10
  m_FocalLength: 50
  m_BladeCount: 5
  m_Curvature: {x: 2, y: 11}
  m_BarrelClipping: 0.25
  m_Anamorphism: 0
  m_SensorSize: {x: 36, y: 24}
  m_LensShift: {x: 0, y: 0}
  m_NormalizedViewPortRect:
    serializedVersion: 2
    x: 0
    y: 0
    width: 1
    height: 1
  near clip plane: 0.3
  far clip plane: 1000
  field of view: 60
  orthographic: 1
  orthographic size: 5
  m_Depth: -1
  m_CullingMask:
    serializedVersion: 2
    m_Bits: 32
  m_RenderingPath: -1
  m_TargetTexture: {fileID: 0}
  m_TargetDisplay: 0
  m_TargetEye: 3
  m_HDR: 1
  m_AllowMSAA: 1
  m_AllowDynamicResolution: 0
  m_ForceIntoRT: 0
  m_OcclusionCulling: 1
  m_StereoConvergence: 10
  m_StereoSeparation: 0.022
--- !u!4 &1970369523
Transform:
  m_ObjectHideFlags: 0
  m_CorrespondingSourceObject: {fileID: 0}
  m_PrefabInstance: {fileID: 0}
  m_PrefabAsset: {fileID: 0}
  m_GameObject: {fileID: 1970369519}
  serializedVersion: 2
  m_LocalRotation: {x: -0, y: -0, z: -0, w: 1}
  m_LocalPosition: {x: 0, y: 0, z: 0}
  m_LocalScale: {x: 1, y: 1, z: 1}
  m_ConstrainProportionsScale: 0
  m_Children:
  - {fileID: 1406191977}
  m_Father: {fileID: 1513846447}
  m_LocalEulerAnglesHint: {x: 0, y: 0, z: 0}
--- !u!4 &2036501006 stripped
Transform:
  m_CorrespondingSourceObject: {fileID: 1947367715270546190, guid: 5371d0da1ca58384cb386b1f8b212503, type: 3}
  m_PrefabInstance: {fileID: 6956260763015135880}
  m_PrefabAsset: {fileID: 0}
--- !u!1001 &2048219669
PrefabInstance:
  m_ObjectHideFlags: 0
  serializedVersion: 2
  m_Modification:
    serializedVersion: 3
    m_TransformParent: {fileID: 124266497}
    m_Modifications:
    - target: {fileID: 1313213832383415813, guid: 0a6aaae41d47695468a76929730f575e, type: 3}
      propertyPath: m_LocalPosition.x
      value: 12.53
      objectReference: {fileID: 0}
    - target: {fileID: 1313213832383415813, guid: 0a6aaae41d47695468a76929730f575e, type: 3}
      propertyPath: m_LocalPosition.y
      value: -6.72
      objectReference: {fileID: 0}
    - target: {fileID: 1313213832383415813, guid: 0a6aaae41d47695468a76929730f575e, type: 3}
      propertyPath: m_LocalPosition.z
      value: 0
      objectReference: {fileID: 0}
    - target: {fileID: 1313213832383415813, guid: 0a6aaae41d47695468a76929730f575e, type: 3}
      propertyPath: m_LocalRotation.w
      value: 1
      objectReference: {fileID: 0}
    - target: {fileID: 1313213832383415813, guid: 0a6aaae41d47695468a76929730f575e, type: 3}
      propertyPath: m_LocalRotation.x
      value: 0
      objectReference: {fileID: 0}
    - target: {fileID: 1313213832383415813, guid: 0a6aaae41d47695468a76929730f575e, type: 3}
      propertyPath: m_LocalRotation.y
      value: 0
      objectReference: {fileID: 0}
    - target: {fileID: 1313213832383415813, guid: 0a6aaae41d47695468a76929730f575e, type: 3}
      propertyPath: m_LocalRotation.z
      value: 0
      objectReference: {fileID: 0}
    - target: {fileID: 1313213832383415813, guid: 0a6aaae41d47695468a76929730f575e, type: 3}
      propertyPath: m_LocalEulerAnglesHint.x
      value: 0
      objectReference: {fileID: 0}
    - target: {fileID: 1313213832383415813, guid: 0a6aaae41d47695468a76929730f575e, type: 3}
      propertyPath: m_LocalEulerAnglesHint.y
      value: 0
      objectReference: {fileID: 0}
    - target: {fileID: 1313213832383415813, guid: 0a6aaae41d47695468a76929730f575e, type: 3}
      propertyPath: m_LocalEulerAnglesHint.z
      value: 0
      objectReference: {fileID: 0}
    - target: {fileID: 9104114134006391418, guid: 0a6aaae41d47695468a76929730f575e, type: 3}
      propertyPath: m_Name
      value: SpawnPoint (6)
      objectReference: {fileID: 0}
    m_RemovedComponents: []
    m_RemovedGameObjects: []
    m_AddedGameObjects: []
    m_AddedComponents: []
  m_SourcePrefab: {fileID: 100100000, guid: 0a6aaae41d47695468a76929730f575e, type: 3}
--- !u!1 &2083168443
GameObject:
  m_ObjectHideFlags: 0
  m_CorrespondingSourceObject: {fileID: 0}
  m_PrefabInstance: {fileID: 0}
  m_PrefabAsset: {fileID: 0}
  serializedVersion: 6
  m_Component:
  - component: {fileID: 2083168444}
  - component: {fileID: 2083168445}
  m_Layer: 0
  m_Name: Background
  m_TagString: Untagged
  m_Icon: {fileID: 0}
  m_NavMeshLayer: 0
  m_StaticEditorFlags: 0
  m_IsActive: 1
--- !u!4 &2083168444
Transform:
  m_ObjectHideFlags: 0
  m_CorrespondingSourceObject: {fileID: 0}
  m_PrefabInstance: {fileID: 0}
  m_PrefabAsset: {fileID: 0}
  m_GameObject: {fileID: 2083168443}
  serializedVersion: 2
  m_LocalRotation: {x: 0, y: 0, z: 0, w: 1}
  m_LocalPosition: {x: 0, y: -1.69, z: 0}
  m_LocalScale: {x: 0.1, y: 0.1, z: 0.1}
  m_ConstrainProportionsScale: 1
  m_Children: []
  m_Father: {fileID: 2036501006}
  m_LocalEulerAnglesHint: {x: 0, y: 0, z: 0}
--- !u!212 &2083168445
SpriteRenderer:
  m_ObjectHideFlags: 0
  m_CorrespondingSourceObject: {fileID: 0}
  m_PrefabInstance: {fileID: 0}
  m_PrefabAsset: {fileID: 0}
  m_GameObject: {fileID: 2083168443}
  m_Enabled: 1
  m_CastShadows: 0
  m_ReceiveShadows: 0
  m_DynamicOccludee: 1
  m_StaticShadowCaster: 0
  m_MotionVectors: 1
  m_LightProbeUsage: 1
  m_ReflectionProbeUsage: 1
  m_RayTracingMode: 0
  m_RayTraceProcedural: 0
  m_RenderingLayerMask: 1
  m_RendererPriority: 0
  m_Materials:
  - {fileID: 2100000, guid: a97c105638bdf8b4a8650670310a4cd3, type: 2}
  m_StaticBatchInfo:
    firstSubMesh: 0
    subMeshCount: 0
  m_StaticBatchRoot: {fileID: 0}
  m_ProbeAnchor: {fileID: 0}
  m_LightProbeVolumeOverride: {fileID: 0}
  m_ScaleInLightmap: 1
  m_ReceiveGI: 1
  m_PreserveUVs: 0
  m_IgnoreNormalsForChartDetection: 0
  m_ImportantGI: 0
  m_StitchLightmapSeams: 1
  m_SelectedEditorRenderState: 0
  m_MinimumChartSize: 4
  m_AutoUVMaxDistance: 0.5
  m_AutoUVMaxAngle: 89
  m_LightmapParameters: {fileID: 0}
  m_SortingLayerID: 0
  m_SortingLayer: 0
  m_SortingOrder: 3
  m_Sprite: {fileID: 21300000, guid: d0c19ef17e89b2d439de986c59a35243, type: 3}
  m_Color: {r: 1, g: 1, b: 1, a: 1}
  m_FlipX: 0
  m_FlipY: 0
  m_DrawMode: 2
  m_Size: {x: 33.83, y: 22.42}
  m_AdaptiveModeThreshold: 0.5
  m_SpriteTileMode: 0
  m_WasSpriteAssigned: 1
  m_MaskInteraction: 0
  m_SpriteSortPoint: 0
--- !u!1001 &6956260763015135880
PrefabInstance:
  m_ObjectHideFlags: 0
  serializedVersion: 2
  m_Modification:
    serializedVersion: 3
    m_TransformParent: {fileID: 0}
    m_Modifications:
    - target: {fileID: 1947367715270546190, guid: 5371d0da1ca58384cb386b1f8b212503, type: 3}
      propertyPath: m_LocalScale.x
      value: 11.686
      objectReference: {fileID: 0}
    - target: {fileID: 1947367715270546190, guid: 5371d0da1ca58384cb386b1f8b212503, type: 3}
      propertyPath: m_LocalScale.y
      value: 11.686
      objectReference: {fileID: 0}
    - target: {fileID: 1947367715270546190, guid: 5371d0da1ca58384cb386b1f8b212503, type: 3}
      propertyPath: m_LocalScale.z
      value: 11.686
      objectReference: {fileID: 0}
    - target: {fileID: 5102830338721859088, guid: 5371d0da1ca58384cb386b1f8b212503, type: 3}
      propertyPath: m_NavMeshData
      value: 
      objectReference: {fileID: 23800000, guid: bc309d189fd0e4c4685a6999a7f16780, type: 2}
    - target: {fileID: 5929564762349522450, guid: 5371d0da1ca58384cb386b1f8b212503, type: 3}
      propertyPath: m_Color.a
      value: 0
      objectReference: {fileID: 0}
    - target: {fileID: 5929564762349522450, guid: 5371d0da1ca58384cb386b1f8b212503, type: 3}
      propertyPath: m_Color.b
      value: 0
      objectReference: {fileID: 0}
    - target: {fileID: 5929564762349522450, guid: 5371d0da1ca58384cb386b1f8b212503, type: 3}
      propertyPath: m_Color.g
      value: 0
      objectReference: {fileID: 0}
    - target: {fileID: 5929564762349522450, guid: 5371d0da1ca58384cb386b1f8b212503, type: 3}
      propertyPath: m_Color.r
      value: 0
      objectReference: {fileID: 0}
    - target: {fileID: 5929564762349522450, guid: 5371d0da1ca58384cb386b1f8b212503, type: 3}
      propertyPath: m_DrawMode
      value: 0
      objectReference: {fileID: 0}
    - target: {fileID: 6866235357716317979, guid: 5371d0da1ca58384cb386b1f8b212503, type: 3}
      propertyPath: m_Name
      value: World
      objectReference: {fileID: 0}
    - target: {fileID: 8979945256680203451, guid: 5371d0da1ca58384cb386b1f8b212503, type: 3}
      propertyPath: m_LocalScale.x
      value: 1.5
      objectReference: {fileID: 0}
    - target: {fileID: 8979945256680203451, guid: 5371d0da1ca58384cb386b1f8b212503, type: 3}
      propertyPath: m_LocalScale.y
      value: 1.5
      objectReference: {fileID: 0}
    - target: {fileID: 8979945256680203451, guid: 5371d0da1ca58384cb386b1f8b212503, type: 3}
      propertyPath: m_LocalScale.z
      value: 1.5831444
      objectReference: {fileID: 0}
    - target: {fileID: 8979945256680203451, guid: 5371d0da1ca58384cb386b1f8b212503, type: 3}
      propertyPath: m_LocalPosition.x
      value: 0
      objectReference: {fileID: 0}
    - target: {fileID: 8979945256680203451, guid: 5371d0da1ca58384cb386b1f8b212503, type: 3}
      propertyPath: m_LocalPosition.y
      value: 0
      objectReference: {fileID: 0}
    - target: {fileID: 8979945256680203451, guid: 5371d0da1ca58384cb386b1f8b212503, type: 3}
      propertyPath: m_LocalPosition.z
      value: 0
      objectReference: {fileID: 0}
    - target: {fileID: 8979945256680203451, guid: 5371d0da1ca58384cb386b1f8b212503, type: 3}
      propertyPath: m_LocalRotation.w
      value: 1
      objectReference: {fileID: 0}
    - target: {fileID: 8979945256680203451, guid: 5371d0da1ca58384cb386b1f8b212503, type: 3}
      propertyPath: m_LocalRotation.x
      value: 0
      objectReference: {fileID: 0}
    - target: {fileID: 8979945256680203451, guid: 5371d0da1ca58384cb386b1f8b212503, type: 3}
      propertyPath: m_LocalRotation.y
      value: 0
      objectReference: {fileID: 0}
    - target: {fileID: 8979945256680203451, guid: 5371d0da1ca58384cb386b1f8b212503, type: 3}
      propertyPath: m_LocalRotation.z
      value: 0
      objectReference: {fileID: 0}
    - target: {fileID: 8979945256680203451, guid: 5371d0da1ca58384cb386b1f8b212503, type: 3}
      propertyPath: m_LocalEulerAnglesHint.x
      value: 0
      objectReference: {fileID: 0}
    - target: {fileID: 8979945256680203451, guid: 5371d0da1ca58384cb386b1f8b212503, type: 3}
      propertyPath: m_LocalEulerAnglesHint.y
      value: 0
      objectReference: {fileID: 0}
    - target: {fileID: 8979945256680203451, guid: 5371d0da1ca58384cb386b1f8b212503, type: 3}
      propertyPath: m_LocalEulerAnglesHint.z
      value: 0
      objectReference: {fileID: 0}
    m_RemovedComponents: []
    m_RemovedGameObjects: []
    m_AddedGameObjects:
    - targetCorrespondingSourceObject: {fileID: 1947367715270546190, guid: 5371d0da1ca58384cb386b1f8b212503, type: 3}
      insertIndex: -1
      addedObject: {fileID: 1007485760}
    - targetCorrespondingSourceObject: {fileID: 1947367715270546190, guid: 5371d0da1ca58384cb386b1f8b212503, type: 3}
      insertIndex: -1
      addedObject: {fileID: 2083168444}
    - targetCorrespondingSourceObject: {fileID: 1947367715270546190, guid: 5371d0da1ca58384cb386b1f8b212503, type: 3}
      insertIndex: -1
      addedObject: {fileID: 773027233}
    - targetCorrespondingSourceObject: {fileID: 1947367715270546190, guid: 5371d0da1ca58384cb386b1f8b212503, type: 3}
      insertIndex: -1
      addedObject: {fileID: 290098184}
    - targetCorrespondingSourceObject: {fileID: 1947367715270546190, guid: 5371d0da1ca58384cb386b1f8b212503, type: 3}
      insertIndex: -1
      addedObject: {fileID: 137956315}
    m_AddedComponents: []
  m_SourcePrefab: {fileID: 100100000, guid: 5371d0da1ca58384cb386b1f8b212503, type: 3}
--- !u!1001 &7784194359595691297
PrefabInstance:
  m_ObjectHideFlags: 0
  serializedVersion: 2
  m_Modification:
    serializedVersion: 3
    m_TransformParent: {fileID: 0}
    m_Modifications:
    - target: {fileID: 1662367980475988216, guid: 10b02d9e6c3a9994cacb2e41e0d30fec, type: 3}
      propertyPath: m_LocalPosition.x
      value: 1.2891136
      objectReference: {fileID: 0}
    - target: {fileID: 1662367980475988216, guid: 10b02d9e6c3a9994cacb2e41e0d30fec, type: 3}
      propertyPath: m_LocalPosition.y
      value: 0.65132743
      objectReference: {fileID: 0}
    - target: {fileID: 1662367980475988216, guid: 10b02d9e6c3a9994cacb2e41e0d30fec, type: 3}
      propertyPath: m_LocalPosition.z
      value: 0.95294404
      objectReference: {fileID: 0}
    - target: {fileID: 1662367980475988216, guid: 10b02d9e6c3a9994cacb2e41e0d30fec, type: 3}
      propertyPath: m_LocalRotation.w
      value: 1
      objectReference: {fileID: 0}
    - target: {fileID: 1662367980475988216, guid: 10b02d9e6c3a9994cacb2e41e0d30fec, type: 3}
      propertyPath: m_LocalRotation.x
      value: 0
      objectReference: {fileID: 0}
    - target: {fileID: 1662367980475988216, guid: 10b02d9e6c3a9994cacb2e41e0d30fec, type: 3}
      propertyPath: m_LocalRotation.y
      value: 0
      objectReference: {fileID: 0}
    - target: {fileID: 1662367980475988216, guid: 10b02d9e6c3a9994cacb2e41e0d30fec, type: 3}
      propertyPath: m_LocalRotation.z
      value: 0
      objectReference: {fileID: 0}
    - target: {fileID: 1662367980475988216, guid: 10b02d9e6c3a9994cacb2e41e0d30fec, type: 3}
      propertyPath: m_LocalEulerAnglesHint.x
      value: 0
      objectReference: {fileID: 0}
    - target: {fileID: 1662367980475988216, guid: 10b02d9e6c3a9994cacb2e41e0d30fec, type: 3}
      propertyPath: m_LocalEulerAnglesHint.y
      value: 0
      objectReference: {fileID: 0}
    - target: {fileID: 1662367980475988216, guid: 10b02d9e6c3a9994cacb2e41e0d30fec, type: 3}
      propertyPath: m_LocalEulerAnglesHint.z
      value: 0
      objectReference: {fileID: 0}
    - target: {fileID: 2929089618800198169, guid: 10b02d9e6c3a9994cacb2e41e0d30fec, type: 3}
      propertyPath: m_Name
      value: VolumeControl
      objectReference: {fileID: 0}
    m_RemovedComponents: []
    m_RemovedGameObjects: []
    m_AddedGameObjects: []
    m_AddedComponents:
    - targetCorrespondingSourceObject: {fileID: 2929089618800198169, guid: 10b02d9e6c3a9994cacb2e41e0d30fec, type: 3}
      insertIndex: -1
      addedObject: {fileID: 230984006}
  m_SourcePrefab: {fileID: 100100000, guid: 10b02d9e6c3a9994cacb2e41e0d30fec, type: 3}
--- !u!1660057539 &9223372036854775807
SceneRoots:
  m_ObjectHideFlags: 0
  m_Roots:
  - {fileID: 897684482}
  - {fileID: 767824186}
  - {fileID: 1687244808}
  - {fileID: 6956260763015135880}
  - {fileID: 779860598}
  - {fileID: 1734374053}
  - {fileID: 128617431}
  - {fileID: 1470413954}
  - {fileID: 28552721}
  - {fileID: 967910138}
  - {fileID: 7784194359595691297}
